3334 5042
665 435 873 500 ..51-

188 626 335 714 τεηιημια,
361 627 423 691 οἷον
439 627 481 691 δτι
496 630 549 714 τῆς
570 624 705 713 Ἀδηνδις
725 627 758 691 τδ
781 626 888 699 ξόανον
912 630 962 692 νῦν
980 627 1037 713 μὲν
1059 628 1183 716 ἑσιηιιδς
1202 630 1309 715 δρᾶται
1317 626 1348 709 ¹),

139 726 142 733 ⁴
183 730 313 822 Ὅμηρος
356 734 390 798 δὲ
436 731 604 820 καθήμενον
650 733 798 818 ἐμφαίνει·
841 734 948 798 πέπλον
987 735 1044 820 γὰρ
1082 735 1193 798 κελεύει
1232 733 1349 811 ,δεῖναι

189 839 353 929 Ἀδηνοιίης
373 840 420 904 ἐπὶ
442 840 608 922 γούνασιν“.
631 863 655 902 κ.
671 841 734 903 ab
776 869 777 873 ¹

274 946 325 1013 Ab
355 948 465 1013 eodem
493 949 585 1032 signo
610 936 821 1012 Cassandram
846 948 887 1011 ab
913 947 1010 1032 Ajace
1034 946 1182 1015 Locrensi
1204 948 1348 1013 avulsam

188 1076 255 1119 esse
278 1054 410 1120 Ilienses
433 1054 589 1117 ferebant.
637 1053 726 1129 Quod
751 1075 822 1118 cunr
854 1054 923 1138 jam
957 1075 1016 1138 por
1036 1076 1070 1120 se
1098 1059 1348 1119 consentaneum

187 1163 229 1225 sit
253 1163 351 1226 etiarn
384 1160 591 1225 Locrensium
624 1181 713 1225 more
747 1161 984 1245 comprobatur,
1019 1162 1074 1245 qui
1108 1164 1189 1226 duas
1213 1163 1348 1246 virgines

187 1270 360 1352 quotannis
394 1268 489 1332 Ilium
527 1268 656 1330 mittere
690 1268 846 1346 solebant,
882 1274 920 1332 ut
954 1265 1035 1332 Oilei
1068 1266 1126 1332 filii
1159 1270 1267 1352 proavi
1300 1269 1348 1332 sui

187 1376 288 1439 scelus
311 1370 521 1460 expiarent2).
569 1373 630 1449 Qui
652 1395 727 1438 usus
751 1396 787 1438 eo
815 1380 940 1440 tantum
960 1375 1113 1458 explicari
1136 1378 1240 1458 potest
1263 1373 1347 1459 quod

188 1482 324 1569 virgines
346 1481 422 1546 illas
446 1483 549 1548 eidem
576 1478 739 1545 Minervae
762 1481 932 1545 simulacro
960 1481 1177 1545 ministrarent
1200 1481 1284 1562 quod
1307 1481 1349 1544 ab

186 1587 287 1671 Ajacc
310 1588 462 1653 violatum
486 1608 552 1652 esso
575 1586 751 1651 dicebatur.

275 1693 409 1779 Signum
432 1716 523 1759 suurn
547 1693 684 1776 denique
699 1694 831 1757 Ilienses
846 1715 904 1777 pro
923 1692 1103 1758 ›Palladio‹
1123 1694 1348 1759 venditabant:

186 1801 347 1887 Appianas
369 1797 473 1885 (Rom.
498 1800 547 1865 ed.
572 1797 675 1864 Bekkr
698 1823 729 1883 p.
747 1799 881 1881 669‚53)
907 1799 940 1860 τδ
963 1797 998 1859 δὲ
1022 1796 1218 1886 τῆςἈδηνᾶς
1239 1797 1349 1871 ideali

187 1904 355 1968 Παλλάδιον
378 1907 499 1968 καλοῦσι
521 1905 575 1990 (sc.
600 1905 743 1987 Ilienses)
766 1905 815 1967 καὶ
837 1903 972 1978 διοπετὲς
992 1907 1132 1992 ἡγοῦνται
1153 1930 1180 1970 r.
1206 1928 1230 1971 τ.
1255 1904 1283 1971 λ.
1305 1954 1314 1972 .
1340 1955 1347 1969 .

187 2011 212 2073 εἰ
230 2012 274 2099 μὴ
291 2011 440 2100 Διομήδης
460 2011 534 2074 αὐτὸ
557 2010 607 2073 καὶ
629 2007 783 2078 ’θδνσσεδς
805 2009 838 2072 ἐν
862 2012 907 2095 τῷ
924 2011 1047 2096 Τρωϊκῷ
1069 2009 1152 2097 ἔργῳ
1163 2011 1349 2099 μετήνεγκαν

187 2116 224 2188 ἐξ
244 2117 337 2198 Ἰλίου,
364 2141 461 2204 qnam
485 2121 613 2204 quidem
636 2118 872 2184 dubitationem
895 2119 936 2183 ab
953 2119 1101 2203 Appiano
1124 2120 1194 2202 ipso
1209 2120 1348 2185 additam

187 2246 253 2290 csse
269 2228 468 2311 perspicuum
484 2231 541 2291 est.
578 2224 626 2289 Of.
640 2224 763 2290 Serrano
778 2227 812 2287 Π
830 2225 903 2289 166.
951 2224 1040 2290 Haec
1054 2225 1236 2291 testimonia
1251 2226 1349 2291 etiam

186 2332 367 2418 Apollodoro·
393 2332 462 2397 loco
500 2335 562 2419 (III
600 2332 688 2417 103)
723 2332 968 2411 confirmantur,
997 2332 1053 2395 ubi
1097 2329 1261 2398 Palladii
1295 2333 1349 2398 de-

188 2440 318 2523 scriptio
341 2440 460 2524 legitur
483 2460 578 2524 quarn
602 2440 642 2504 ad
666 2439 748 2525 signi
772 2438 937 2504 Iliensium
971 2438 1109 2524 figuram
1131 2440 1209 2503 satis
1235 2439 1349 2504 miram

189 2566 257 2610 esse
280 2546 400 2611 factam
423 2546 506 2611 iuter
529 2548 614 2610 viros
637 2546 745 2609 doctos
769 2552 903 2610 constat.

276 2652 360 2717 Hinc
383 2651 523 2716 efficitur
545 2656 584 2716 ut
606 2651 738 2716 Ilienses
762 2652 966 2716 simulacrum
978 2651 1140 2716 Minervae
1156 2653 1238 2736 quod
1254 2658 1350 2737 poeta

187 2757 259 2822 libri
277 2759 322 2821 VI
339 2759 448 2823 Iliadis
465 2763 691 2823 commemorat
707 2758 859 2843 quodque
875 2764 988 2844 postea
1004 2758 1179 2823 Cassandra
1202 2759 1349 2844 amplexa

188 2888 252 2929 esse
276 2867 446 2943 ferebatur,
472 2869 569 2949 atque
596 2864 771 2929 Palladium
803 2866 889 2949 quod
913 2870 1058 2943 vocatur,⁴
1080 2886 1181 2929 unum
1209 2871 1241 2931 et
1264 2867 1349 2931 idem

190 2970 353 3037 haberent.
399 2973 505 3056 Atque
530 2972 608 3035 haec
631 2973 738 3055 opinio
761 2992 795 3037 re
819 2972 900 3036 bene
920 2973 1120 3037 considerata
1146 2973 1225 3037 nibil
1251 2973 1349 3038 habet

188 3079 273 3160 quod
296 3078 450 3153 offendam
474 3079 570 3142 immo
594 3083 844 3143 consentaneum
867 3083 915 3143 est
938 3101 1034 3142 unam
1056 3083 1184 3143 tautum
1214 3079 1349 3144 Palladis

188 3183 326 3267 effigiem
350 3184 462 3268 Trojae
477 3184 588 3262 luisse3
611 3208 715 3269 neque
731 3186 827 3270 plane
846 3185 963 3249 desunt
977 3185 1041 3249 alia
1056 3186 1151 3270 hujus
1168 3186 1348 3251 sententiae

186 3291 369 3355 testimonia
402 3311 486 3375 quae
519 3313 584 3355 non
618 3293 656 3356 ad
681 3291 811 3357 Ilienses
845 3293 1037 3376 pertineant.
1083 3292 1212 3357 Etenim
1246 3290 1347 3356 Siride

187 3395 300 3460 similia
323 3398 458 3461 valuisse
481 3398 626 3477 vidimus,
649 3420 685 3462 ac
699 3398 802 3464 locum
821 3398 1085 3483 Lycophroneum
1101 3399 1267 3463 attulimus
1290 3398 1347 3483 qui

187 3502 264 3567 haec
286 3504 478 3588 comprobat.
526 3502 586 3568 Sed
610 3505 707 3569 etiam
728 3506 760 3568 in
776 3505 896 3569 scholio
912 3506 945 3569 in
961 3505 1101 3570 Rhesum
1117 3506 1181 3571 502
1206 3510 1239 3570 et
1261 3507 1346 3589 apud

188 3609 392 3674 Eustnthium
414 3634 445 3694 p.
471 3610 533 3674 627
558 3611 620 3674 duo
644 3611 813 3676 simulacra
835 3613 966 3676 minime
989 3612 1238 3697 distinguuntur.

274 3715 488 3801 Ignorabatur
521 3718 620 3800 igitur
654 3716 763 3782 fabula
803 3738 868 3802 qua
901 3716 1078 3782 Palladium
1110 3704 1238 3803 raptum
1278 3740 1346 3783 esse

186 3821 420 3905 perhibebatur.
1079 3838 1081 3843 ’

168 3983 169 3987 ,
275 3928 336 3993 Res
352 3933 458 3995 temen
473 3931 506 3993 in
521 3929 673 4015 quasdam
688 3928 892 3995 difficultates
907 3930 1108 4009 incurrebat;
1127 3930 1342 3996 »Palladium«

259 4088 278 4154 ¹)
297 4086 429 4141 Minervae
447 4086 554 4143 Iliensis
574 4087 679 4158 signum
698 4090 772 4142 stans
791 4085 907 4142 effictum
926 4091 990 4142 erat.

256 4177 278 4245 ²)
296 4175 460 4231 Testimonin
482 4176 639 4246 plenissima
657 4193 700 4247 ap.
719 4175 897 4231 Hauboldium
916 4176 1033 4232 invenies
1052 4177 1078 4244 (l.
1099 4193 1121 4232 c.
1141 4194 1167 4248 p.
1187 4178 1266 4246 abac
1283 4194 1343 4231 cum

185 4264 266 4331 adn),
286 4264 331 4335 qui
350 4264 465 4334 virgines
478 4265 625 4320 Locrenses
640 4265 698 4336 jam
717 4268 779 4319 ante
797 4282 821 4323 a.
834 4266 888 4321 700
905 4266 974 4320 mitti
991 4268 1102 4336 coeptas
1120 4281 1181 4321 esse
1199 4266 1344 4323 contendit.
