3334 5042
650 398 871 464 ..75-

263 593 299 659 Si
317 596 387 677 jam
410 592 452 657 ad
468 593 720 678 mythographos
735 596 921 671 accedimus,
947 598 1090 661 ridemus
1112 619 1146 661 se
1162 595 1343 661 Palladium

168 700 236 781 jam
261 700 304 763 ad
327 699 543 783 Trojanornrn
564 722 678 785 regum
708 704 845 785 majores
867 706 1023 781 retulisse,
1058 709 1156 786 atque
1179 704 1342 767 simulacri

172 806 337 870 Minervae
366 808 522 888 originem
558 809 600 871 ab
633 808 697 872 illis
730 810 917 893 regionibus
951 810 1114 894 repetiisse
1153 833 1191 874 ex
1225 812 1343 893 quibus

172 912 343 976 Dardanus
365 915 398 977 in
422 914 531 978 Asiam
553 915 751 1000 immigrasse
775 915 950 979 dicebatur.

173 1069 177 1075 .
263 1017 345 1083 Cum
377 1022 463 1084 enim
496 1021 529 1083 in
565 1022 711 1105 antiquis
742 1021 861 1086 sabulis
895 1023 1022 1087 Electra
1063 1023 1207 1087 Dardani
1242 1029 1344 1088 mater

172 1127 332 1190 diceretur
362 1127 565 1208 (Hellanicus
587 1128 649 1211 frg.
681 1130 877 1193 1191156.
924 1128 973 1193 cf.
998 1130 1037 1193 Il.
1062 1130 1122 1193 XX
1152 1132 1217 1194 215
1245 1129 1341 1215 sqq.)‚

175 1232 357 1296 Palladium
393 1235 462 1316 ejus
493 1233 665 1297 anathema
691 1233 789 1299 fuisse
817 1237 964 1300 nonnulli
992 1241 1206 1301 narraverunt
1228 1237 1342 1320 (Sedet

170 1340 205 1410 in
227 1339 309 1403 Eur.
334 1339 458 1405 Phoen.
483 1340 579 1403 1139.
624 1338 721 1423 Apud
748 1340 890 1426 Apollod.
920 1365 1049 1427 quoqne
1070 1343 1218 1407 Electrae
1240 1366 1343 1407 sermo

172 1447 280 1511 estin
304 1447 375 1511 loco
398 1450 533 1510 obscuro
555 1448 596 1511 de
619 1469 684 1529 qno
707 1448 791 1511 infra
815 1446 945 1533 dicam).
1119 1505 1122 1507 ,

193 1578 196 1587 ’
262 1554 371 1636 Atque
394 1576 467 1618 cum
487 1554 556 1636 jam
577 1552 765 1617 Hellanicus
787 1552 843 1638 (fg.
863 1556 928 1619 129
953 1555 1064 1638 FHG)
1090 1556 1278 1620 Dardanum
1303 1578 1342 1621 ex

171 1658 381 1724 Samothrace
424 1662 530 1723 insula
572 1661 607 1723 in
652 1659 826 1744 Phrygiam
864 1664 1015 1744 migrasse
1051 1664 1248 1740 tradidisset,
1287 1664 1342 1726 alii

170 1764 308 1829 Palladii
337 1766 493 1848 originem
522 1790 560 1829 ex
589 1766 650 1829 hac
672 1765 786 1839 insula,
822 1769 941 1852 qnippe
980 1791 1062 1852 qnae
1096 1772 1254 1853 mysteriis
1276 1771 1342 1833 suis

169 1873 337 1939 notissima
360 1874 447 1937 facta
462 1877 554 1949 esset,
571 1873 769 1956 repetierunt
786 1870 925 1958 (Ser-nius
942 1873 973 1939 ll
992 1877 1064 1941 166.
1088 1875 1185 1941 0111
1202 1873 1291 1961 325).

262 1977 407 2043 Fuerunt
459 1979 537 2062 qui,
581 2000 618 2042 eo
657 1981 736 2043 moti
780 1982 865 2063 quod
906 1982 1037 2047 Electra
1083 1982 1227 2046 Atlantis
1273 1989 1342 2046 erat

166 2086 244 2162 filia,
269 2085 485 2167 Trojanornm
507 2107 619 2169 regum
642 2087 778 2168 stirpem
800 2087 995 2152 ex.Arcadia
1019 2089 1229 2170 deducerent;
1253 2091 1342 2173 cnjus

167 2193 331 2275 opinionis
363 2193 536 2277 Dimrysiw
569 2192 835 2257 Halicarnassus
873 2195 967 2258 testis
1002 2196 1208 2279 gravissimus
1237 2202 1343 2260 exstat

166 2298 264 2377 (161,
282 2295 355 2384 62).
394 2298 438 2362 Et
455 2297 675 2362 Palladiorum
700 2298 778 2379 (duo
802 2301 886 2362 enim
911 2301 1012 2365 fuisse
1036 2301 1160 2387 narrat)
1184 2304 1340 2386 originem

166 2405 338 2488 Dionysius
361 2406 376 2469 1
405 2404 449 2468 68
473 2427 513 2467 ex
536 2404 676 2469 Arcadia
699 2408 826 2488 repetit.
873 2406 1028 2472 Dardano
1050 2433 1070 2472 a
1088 2408 1213 2493 Chrysa
1231 2432 1340 2473 uxore

165 2514 340 2578 simulacra
366 2512 442 2574 data
464 2531 532 2574 esse
554 2510 656 2576 tradit
678 2533 762 2595 quae
786 2535 805 2575 a
828 2511 976 2577 Minerva
995 2516 1065 2597 ipsa
1092 2538 1129 2578 ea
1156 2516 1339 2598 accepisset.

16 2636 35 2701 g
165 2619 308 2683 Primum
343 2618 377 2682 in
399 2618 543 2681 insulam
570 2617 808 2683 Samothracem
843 2624 912 2683 tum
946 2622 982 2684 in
1015 2643 1130 2705 agrum
1165 2622 1340 2704 Trojannrn

165 2749 185 2789 a
221 2724 375 2789 Dardano
415 2723 639 2806 deportantur.
686 2760 726 2770 -
766 2724 872 2808 Atque
911 2727 994 2791 hauc
1032 2729 1236 2793 traditionem
1273 2730 1339 2811 jam

166 2834 251 2916 apud
275 2832 448 2915 scriptores
470 2830 609 2895 Graecos
634 2829 870 2912 (Callistratum
894 2834 943 2897 vel
967 2832 1156 2918 Satyrum)
1180 2837 1340 2900 exstitisse

167 2961 206 3002 ex
240 2939 370 3002 oraculo
407 2938 491 3020 apud
516 2937 706 3021 Dionysium
735 2944 983 3003 commemorato
1007 2946 1140 3023 apparet
1163 2938 1216 3024 (cf.
1241 2944 1341 3006 verba

166 3042 256 3127 δῶρα
271 3042 340 3110 Διὸς
353 3041 466 3128 κούρης
478 3040 584 3128 ἀλόχῳ
599 3040 714 3127 σέθεν).
756 3044 899 3109 Eandem
915 3048 1089 3110 versionem
1107 3050 1176 3131 jam
1192 3049 1339 3112 Mnaseas

166 3150 294 3221 ridetur
310 3155 440 3214 secutus
456 3149 665 3233 1111181111.
684 3149 758 3234 Byr.
774 3149 942 3235 lapsuros:
960 3151 1058 3217 FHG
1069 3152 1120 3217 ΙΙΙ
1137 3156 1199 3217 154
1211 3155 1257 3236 fg.
1270 3155 1337 3235 28),

167 3257 223 3340 qni
247 3260 355 3320 tamen
379 3255 419 3319 de
442 3278 507 3320 uno
530 3259 658 3320 tantum
685 3255 825 3320 Palladio
848 3257 1002 3340 loquitur.

255 3348 338 3426 Jam'
364 3364 448 3447 apud
475 3362 661 3445 Dionysium
679 3362 781 3427 Pallas
797 3364 938 3448 qnidam,
963 3363 1104 3449 Chrysae
1126 3373 1226 3451 pater,
1251 3390 1338 3432 com-

116 3468 120 3476 '
168 3469 420 3545 memorabatnr3
445 3504 484 3514 —-
510 3492 583 3535 cum
614 3470 709 3554 longe
735 3470 801 3535 alia
826 3472 891 3534 sint
914 3491 953 3535 11
980 3493 1064 3556 quae
1091 3474 1132 3537 ab
1153 3472 1339 3559 Apollodoro

166 3574 235 3660 (111
261 3576 349 3653 12,3;
384 3575 486 3640 locum
522 3577 691 3659 exscripsit
714 3577 842 3641 Tzetzes
875 3578 914 3641 ad
940 3577 1013 3660 Lyc.
1039 3577 1118 3664 355)
1152 3582 1336 3659 traduntur,

166 3692 278 3746 tamen
302 3683 335 3744 in
359 3682 407 3745 his
431 3704 558 3765 quoque
578 3704 693 3746 nomeu
722 3682 867 3746 »Pallas«
894 3687 1040 3749 occurrit.
1081 3686 1337 3770 Mythographus

16 3772 34 3833 1
167 3789 251 3851 enim
286 3788 344 3851 iste
378 3797 491 3851 narrat
527 3788 706 3852 Minervam
740 3787 824 3872 apud
859 3788 1022 3855 Tritonem
1057 3794 1223 3857 educatam
1259 3816 1335 3871 esse,

167 3895 258 3957 cuins
293 3893 361 3957 filia
395 3899 465 3958 erat
498 3892 615 3959 Pallas.
668 3893 746 3959 Cum
783 3894 959 3980 aliquando
994 3899 1178 3962 rixarentur
1213 3902 1337 3982 puellae

28 4072 33 4079 g
166 4006 265 4084 atquo
288 3997 392 4063 Pallas
416 3999 589 4065 Minervam
620 4001 825 4065 vulneratura
855 4009 945 4080 esset,
976 4003 1088 4067 Jorem
1118 4007 1232 4089 aegida
1260 4013 1336 4072 ante

167 4109 269 4190 ipsam
300 4106 530 4189 praetendisse3
564 4105 732 4170 Palladem
768 4128 840 4171 cum
869 4110 976 4173 subito
1003 4112 1148 4174 territam
1175 4113 1337 4178 occidisset

170 4211 327 4290 Minerva,
352 4218 487 4277 mortem
503 4214 623 4277 amicae
638 4233 671 4276 se
686 4212 814 4293 luxisse,
831 4215 1034 4279 simulacrum
1051 4217 1118 4300 ejus
1135 4217 1337 4284 fabricavisse
