3334 5042
909 321 944 374 60

417 550 420 553 .
451 492 499 552 De
528 496 716 555 Parrhasii
744 496 858 557 Perseo
885 498 1015 559 Hercule
1046 500 1204 575 Meleagro
1236 503 1267 558 in
1299 519 1361 559 una
1394 502 1497 560 tabula

351 596 441 673 pictis
464 592 502 675 (P
515 593 548 673 b)
572 598 645 657 nihil
668 600 741 657 certi
765 601 889 669 scimus3
911 618 1013 676 neque
1035 602 1106 659 mibi
1129 601 1252 678 quidem
1271 603 1422 677 persuasit
1433 604 1495 661 Ro·

350 693 445 755 bert1
467 706 530 757 tres
552 699 662 759 heroas
685 702 716 758 in
737 700 840 759 inferis
863 702 1062 761 interlocutos
1078 720 1155 762 esse.
1199 703 1229 761 Si
1251 703 1295 761 ita
1317 720 1366 759 res
1387 720 1421 760 se
1442 703 1496 759 ha-

353 800 442 859 beret
463 818 526 858 uon
548 811 624 877 puto
651 804 731 861 adeo
753 820 928 878 pressurum
952 803 1045 862 fuisse
1061 803 1190 862 Plinium
1210 792 1322 862 ‘unam
1342 791 1497 864 tabulam'.

349 902 456 962 Malim
483 904 620 978 cogitare
649 905 688 962 de
715 905 820 962 tabula
850 904 963 979 votiva,
997 923 1059 980 qua
1088 915 1179 981 poeta
1210 906 1336 980 quidam
1369 907 1497 981 tragicus

352 1004 511 1063 victoriam
534 1004 654 1079 trilogia
675 1013 795 1080 partam
816 1006 1022 1065 celebraverit.

457 1104 609 1164 Parrhasii
630 1104 695 1163 fere
717 1106 853 1180 aequalis
869 1106 925 1164 suit
940 1116 1047 1165 auctor
1061 1107 1164 1166 Persei
1179 1117 1345 1184 praesente
1361 1109 1499 1167 Minerva

351 1205 514 1266 Medusam
536 1206 734 1285 interfecturi,
756 1225 815 1283 qua
838 1209 879 1264 de
902 1209 1124 1284 compositione
1147 1227 1238 1285 supra
1261 1205 1303 1284 (p.
1317 1206 1371 1286 54)
1394 1219 1498 1269 actum

354 1316 409 1368 est.
451 1308 534 1366 Intra
558 1317 698 1383 quartum
721 1310 876 1367 saeculum
898 1318 965 1367 orta
990 1327 1059 1368 esse
1082 1311 1203 1369 videtur
1224 1311 1351 1389 pictura,
1384 1312 1499 1388 inqua

352 1408 479 1468 Perseus
501 1409 697 1485 Gorgonibus
727 1411 783 1470 sub
810 1411 918 1469 arbore
947 1413 1167 1471 dormientibus
1196 1412 1375 1488 obrepebat,
1408 1415 1498 1472 nobis

352 1510 475 1569 vasculo
507 1511 609 1569 italico
636 1510 665 1570 K
688 1513 727 1572 23
756 1521 788 1571 et
815 1531 940 1571 nummo
968 1512 1124 1573 Daldiano
1151 1514 1217 1572 Η6
1246 1515 1367 1574 tradita.
1411 1517 1497 1573 Aevo

355 1620 457 1671 autem
467 1613 675 1671 Alexandrino
688 1614 912 1672 adscribendos
929 1632 1043 1674 censeo
1059 1614 1205 1673 Perseum
1220 1626 1253 1674 et
1265 1616 1497 1675 Andromedam

358 1713 556 1788 Gorgoneum
585 1715 670 1773 fonte
702 1715 848 1773 reflexum
881 1717 1126 1793 contemplantes
1151 1698 1211 1794 (S),
1243 1718 1327 1793 quod
1362 1719 1498 1777 ludicrae

355 1815 426 1874 artis
450 1815 605 1873 inventum
627 1825 690 1874 tam
711 1834 804 1892 saepe
825 1816 1032 1892 repetiverunt
1053 1819 1185 1893 pictores
1205 1817 1394 1894 Pompeiani.
1432 1820 1498 1878 Eis-

352 1917 424 1973 dem
447 1918 634 1993 temporibus
653 1919 734 1997 vixit‚
757 1919 782 1977 si
797 1920 922 1994 quidem
937 1921 1018 1993 vixit,
1041 1921 1233 1978 Euanthes
1245 1917 1267 1993 2,
1291 1920 1376 1978 cuius
1391 1922 1495 1979 tabula

351 2017 390 2073 ab
412 2017 531 2076 Achille
553 2019 646 2078 Tatio
676 2021 833 2097 descripta
862 2018 905 2093 (Q
919 2015 950 2098 c)
980 2022 1072 2096 plane
1105 2022 1244 2096 congruit
1274 2040 1343 2080 cum
1370 2023 1494 2098 picturis

352 2116 545 2194 Pompeianis
568 2119 598 2191 Q
624 2122 753 2182 13-15.
797 2194 801 2199 ‚

678 2309 707 2364 4.
752 2308 798 2366 De
819 2311 1016 2368 manumetis
1037 2311 1168 2369 etruscis.

449 2426 570 2499 Etrusci
583 2440 683 2498 Persei
698 2440 831 2499 fabulam
846 2459 919 2517 prae
935 2443 1045 2500 ceteris
1059 2443 1203 2501 dilexisse
1218 2444 1372 2520 videntur;
1395 2445 1494 2519 plera-

351 2560 411 2619 que
434 2543 513 2600 enim
534 2541 655 2600 fabulae
679 2551 845 2616 momenta,
877 2560 956 2617 quae
980 2544 1064 2619 apud
1092 2543 1222 2602 artifices
1251 2563 1380 2621 graecos
1409 2547 1492 2604 iuve-

349 2646 482 2712 niuntur,
516 2644 555 2703 ab
578 2643 633 2701 illis
655 2644 786 2718 repetita
806 2633 894 2703 sunt.
928 2642 1080 2702 Nonnulla
1102 2645 1204 2713 etiam,
1239 2664 1368 2722 quorum
1389 2665 1492 2706 exem·

350 2746 446 2823 plaria
467 2763 578 2821 graeca
600 2762 663 2803 non
685 2745 744 2804 iam
766 2747 889 2815 adsunt,
912 2745 951 2805 ab
974 2746 1110 2804 Etruscis
1133 2746 1205 2804 solis
1229 2747 1383 2808 discimus.
1426 2750 1491 2806 lam

351 2849 382 2906 in
404 2847 522 2905 Anubis
544 2848 632 2924 quod
651 2856 777 2905 vocatur
796 2848 921 2905 vasculo
945 2846 975 2921 (Ι
995 2845 1037 2922 6),
1069 2849 1100 2905 in
1122 2865 1183 2923 quo
1206 2849 1359 2907 elementa
1384 2868 1497 2926 graeca

352 2967 420 3007 cum
443 2949 638 3007 orientalibus
661 2948 737 3006 miro
758 2950 854 3007 modo
878 2949 1006 3025 confusa
1028 2958 1109 3024 suut,
1137 2950 1267 3007 occurrit
1286 2942 1414 3008 Perse'us
1437 2951 1494 3009 Mi-

350 3067 463 3108 nervae
497 3050 607 3107 auxilio
636 3049 799 3109 Medusam
832 3049 1047 3107 interfecturus
1081 3051 1197 3109 ratione
1230 3051 1321 3126 plane
1352 3052 1495 3126 singulari

351 3151 448 3208 fictus
492 3151 595 3208 Persei
618 3170 636 3208 a
659 3151 855 3225 Gorgonibus
879 3152 985 3226 agitati
1016 3151 1113 3208 forma
1141 3153 1351 3226 antiquissima
1379 3162 1500 3210 servata

352 3262 399 3310 est
422 3253 543 3327 tripode
565 3252 656 3311 Kal.
701 3252 736 3308 In
758 3270 820 3309 uno
846 3253 1013 3311 scarabaeo
1036 3252 1065 3310 G
1086 3254 1222 3311 videmus
1246 3252 1392 3312 Perseum
1414 3272 1499 3312 eum·

352 3371 412 3429 que
439 3353 638 3428 inscriptione
667 3352 880 3427 significatum,
913 3355 965 3428 qui
998 3355 1095 3412 alatas
1123 3356 1264 3430 crepidas
1294 3356 1350 3413 sibi
1380 3357 1497 3429 alligat3

352 3448 447 3512 etiam
468 3455 654 3512 scarabaeus
676 3453 706 3510 H
727 3458 742 3509 5
766 3455 895 3530 praebet
919 3455 1175 3529 compositionem
1198 3456 1331 3530 alioquin
1352 3436 1415 3513 non
1437 3466 1498 3512 tra·

351 3556 456 3614 ditam.

452 3656 650 3732 speculorum
673 3665 778 3715 nostra
800 3657 931 3715 maxime
953 3658 1082 3715 interest
1097 3658 1126 3714 D
1143 3661 1171 3726 2,
1194 3659 1266 3734 quia
1280 3668 1402 3734 praeter
1416 3660 1498 3734 pyxi-

353 3761 424 3817 dem
446 3758 570 3816 atticam
590 3755 618 3813 D
644 3761 658 3816 1
683 3758 804 3816 unicam
838 3758 973 3816 continet
1001 3776 1080 3834 quae
1108 3768 1229 3817 servata
1258 3769 1307 3817 est
1330 3760 1499 3818 Graearum

353 3860 528 3935 imaginem
563 3875 669 3919 eorum
695 3860 777 3917 enim
802 3867 1071 3918 monumentorum
1094 3879 1174 3936 quae
1198 3861 1404 3920 Gaedechens
1426 3860 1499 3918 olim

354 3955 501 4037 collegit3
527 3961 639 4018 nullum
670 3970 754 4018 certo
789 3963 830 4018 ad
865 3961 983 4019 Graeas
1010 3961 1205 4021 referendum
1237 3980 1305 4021 esse
1344 3948 1499 4019 luculente

453 4176 541 4229 1Bild
560 4180 614 4229 und
632 4180 701 4229 Lied
719 4196 744 4246 p.
763 4178 807 4232 45.

451 4263 463 4300 2
480 4267 519 4319 Cs.
537 4269 635 4332 Brunn,
655 4268 758 4318 Griech.
779 4260 1003 4331 Kiinstlergesch.
1023 4270 1051 4318 ΙΙ
1072 4266 1133 4320 288.

451 4354 463 4390 ³
479 4357 521 4406 De
540 4357 638 4417 Graeis,
659 4357 798 4422 Gottingae
818 4356 895 4409 1863.
