3334 5042
879 318 912 375 ts

420 497 548 556 Perseus
568 498 618 555 hie
635 498 697 556 ad.
712 495 876 554 Medusam
891 494 1075 573 aggreditur,
1099 492 1184 551 cuius
1207 501 1316 568 pectus
1335 492 1467 567 squamis

324 607 464 676 opertum
486 600 613 659 videtur.
658 598 732 656 Post
755 597 859 654 Persei
881 605 999 672 tergum
1023 603 1142 653 scutum
1176 597 1207 651 in
1241 612 1313 651 aere
1341 595 1467 669 pendet,

322 700 406 775 quod
427 700 477 758 ille
495 702 597 775 capite
617 700 730 757 reflexo
757 698 896 773 adspicit.

424 805 471 860 15.
495 801 684 860 Scarabaeus
708 809 845 858 etruscus
868 799 1021 874 antiquior
1034 817 1129 875 prope
1142 798 1310 856 Cortonam
1326 797 1468 854 inventus

322 904 371 963 ed.
394 901 436 960 M.
460 903 492 961 d.
514 901 538 962 1.
561 901 606 958 VI
630 902 678 978 24,
701 902 728 971 4,
752 900 789 961 cf.
813 901 849 960 A.
872 902 903 960 d.
927 901 948 960 l.
973 901 1054 960 1858
1076 919 1106 976 p.
1132 902 1202 959 386.

419 1001 554 1061 Medusa
580 1003 683 1081 tuniqa
715 1004 804 1078 longa
837 1003 947 1060 vestita
973 1018 1066 1059 manu
1095 1018 1119 1059 s.
1143 1000 1248 1058 florem
1281 1008 1390 1058 tenens
1426 999 1468 1057 ad

322 1122 424 1180 genua
447 1107 615 1182 procubuit.
660 1105 789 1162 Perseus
811 1122 903 1179 super
926 1122 994 1160 eam
1015 1121 1048 1161 se
1071 1102 1219 1160 inclinans
1242 1102 1379 1176 gladium
1401 1118 1468 1157 cer·

322 1205 379 1263 vici
401 1206 476 1264 illius
497 1210 661 1282 admovet;
683 1216 769 1282 tergo
791 1216 895 1282 portat
917 1206 1023 1264 cibisin
1045 1222 1197 1281 maguam.

477 1404 659 1482 anaglypta
679 1408 782 1478 ficlilia
806 1425 880 1499 quae
901 1409 1041 1466 uocantur
1063 1396 1117 1462 ‘ut‘
1132 1400 1306 1478 eampum&

420 1558 549 1617 Perseus
578 1559 619 1616 ad
642 1559 673 1618 d.
695 1559 837 1632 gradiens
859 1576 952 1614 manu
974 1558 1005 1615 d.
1028 1556 1166 1631 gladium
1194 1555 1302 1614 condit
1325 1563 1397 1631 post
1422 1556 1470 1612 in-

238 1698 242 1705 ·
323 1677 399 1734 gens
414 1659 566 1719 Medusae
588 1661 777 1735 caputquod
799 1660 830 1717 in
848 1678 918 1716 aere
934 1660 1071 1736 pendere
1088 1659 1216 1718 videtur.
1244 1659 1272 1715 A
1287 1660 1317 1716 d.
1332 1657 1469 1715 Minerva

324 1762 435 1819 Perseo
458 1762 578 1821 obviam
603 1763 687 1819 venit
721 1762 853 1836 clipeum
887 1779 960 1836 prae
983 1778 1016 1817 se
1040 1769 1158 1819 tenens.
1204 1760 1339 1834 Apparet
1372 1768 1468 1817 totam

324 1864 578 1938 compositionem
602 1871 699 1920 ortam
722 1880 789 1920 esse
812 1880 830 1918 e
853 1862 1021 1936 Gorgoneo
1050 1859 1254 1919 decoraminis
1285 1860 1354 1918 loco
1385 1860 1468 1937 ficte,

324 1965 373 2022 cui
394 1965 480 2040 quasi
510 1965 679 2023 telamones
707 1965 805 2021 additi
830 1972 901 2021 sunt
923 1962 1053 2021 Perseus
1087 1965 1176 2039 eique
1199 1964 1390 2039 respondens
1412 1962 1468 2020 Mi·

324 2083 426 2126 nerva.

427 2169 474 2228 16.
499 2167 556 2227 An.
570 2165 742 2225 Cumanum
764 2184 840 2227 mus.
861 2166 1055 2243 Neapolitani
1078 2168 1128 2226 ed.
1151 2167 1228 2226 Bull.
1253 2166 1334 2225 arch.
1359 2166 1468 2243 Napol.

321 2286 352 2329 n.
372 2287 395 2329 s.
419 2267 434 2326 Ι
457 2269 517 2329 tab.
540 2267 568 2324 V
593 2269 619 2327 l.

423 2369 553 2429 Perseus
575 2369 720 2428 barbatus
742 2378 799 2429 est.

425 2475 473 2531 17.
493 2470 712 2546 Fragmentum
729 2473 864 2531 Puteolis
876 2473 1035 2533 inventum
1049 2492 1126 2534 mus.
1140 2473 1212 2532 Brit.
1226 2473 1278 2532 ed.
1298 2471 1369 2530 Brit.
1386 2471 1467 2530 Mus,

326 2573 407 2632 1810
429 2572 493 2630 tab.
518 2574 564 2631 13.
607 2571 704 2630 Millin
726 2573 765 2635 G.
788 2574 830 2635 M.
857 2575 915 2634 108
939 2575 985 2634 bis
1008 2569 1247 2637 emmaum.

421 2674 547 2732 Servata
567 2683 615 2732 est
630 2674 744 2733 Persei·
755 2677 852 2752 figura
873 2686 996 2754 praeter
1017 2696 1105 2736 crura
1111 2699 1119 2754 ;
1141 2695 1233 2736 manu
1250 2696 1274 2737 s.
1291 2675 1388 2750 tangit
1401 2674 1469 2732 Me-

323 2775 420 2834 dusae
442 2784 543 2852 caput,
567 2777 651 2835 cuius
674 2778 835 2836 dimidium
857 2779 954 2838 deest.

424 2880 471 2937 18.
494 2877 713 2956 Fragmentum
735 2881 785 2940 ed.
806 2879 881 2938 Gori
903 2898 979 2940 mus.
1003 2889 1057 2942 etr.
1079 2882 1093 2937 l
1117 2884 1165 2941 31.

421 2977 547 3037 Servata
569 2988 616 3039 est
639 2980 795 3038 Minervae
817 2998 887 3056 pars
910 2981 1007 3040 maior
1030 2991 1061 3039 et
1085 2982 1243 3058 Gorgonei
1263 2983 1422 3058 particula.

425 3082 472 3140 19.
495 3080 551 3140 An.
575 3083 646 3140 olim
675 3100 693 3138 a
716 3082 873 3158 Campana
896 3101 1081 3161 possessum,
1104 3086 1154 3144 ed.
1177 3083 1345 3159 Campana,
1370 3101 1465 3159 opere

322 3181 353 3241 in
374 3180 502 3256 plastica
525 3184 587 3244 tab.
610 3185 659 3244 56.

422 3284 552 3343 Perseus
564 3286 707 3343 imberbis
721 3304 814 3344 manu
829 3304 852 3345 s,
870 3287 1104 3362 comprehendit
1123 3287 1283 3362 Gorgonei
1296 3285 1467 3344 recentiore

323 3385 418 3442 modo
440 3384 500 3443 ficti
522 3386 703 3447 cincinnum.
746 3387 885 3444 Minerva
908 3389 998 3446 deest
1019 3406 1121 3465 neque
1143 3388 1277 3447 adfuisse
1300 3389 1426 3446 videtur.

732 3569 887 3646 Speculum
908 3575 1062 3634 etruscum.

422 3701 470 3761 20.
492 3698 552 3762 Ed.
574 3702 615 3761 M.
638 3704 667 3763 d.
690 3701 713 3762 I.
737 3703 783 3763 VI
802 3706 852 3774 24,
876 3706 905 3775 2,
929 3704 1071 3764 Gerhard
1089 3705 1125 3766 E.
1147 3705 1197 3782 Sp.
1220 3708 1292 3766 332.

327 3841 330 3846 ·
421 3801 549 3862 Perseus
582 3800 720 3882 (Pherae)
754 3809 925 3866 admodum
960 3810 1142 3867 adulescens
1177 3808 1256 3867 falce
1288 3808 1467 3885 aggreditur

323 3903 484 3963 Medusam
516 3906 677 3965 sedentem
698 3903 838 3986 (Tarso),
871 3909 957 3966 cuius
987 3927 1096 3985 corpus
1122 3911 1241 3967 videtur
1274 3909 1355 3966 virile
1388 3926 1468 3968 esse.

323 4003 371 4062 Ab
393 4005 489 4064 altera
511 4004 613 4066 Persei
634 4016 722 4083 parte
746 4008 913 4067 Mercurius
938 4004 1077 4087 (Turms)
1101 4019 1172 4071 stat.
