3334 5042
793 236 835 302 22

708 329 922 338 ——..

226 432 339 520 gulare
362 432 425 499 hoc
450 456 533 520 opus
559 434 627 498 dixi
651 444 825 522 propterea
849 435 936 521 quod
958 446 990 499 et
1017 436 1166 522 Pegasus
1190 448 1222 501 et
1238 430 1406 524 Chrysaor

227 543 545 629 ecorpore'matris
569 543 634 605 iam
659 545 787 627 egressi
811 554 895 612 sunt.
941 544 984 608 Et
1015 546 1169 629 quoniam
1205 543 1287 608 alter
1317 544 1407 609 humi

228 650 330 722 sedet.
356 649 437 713 alter
461 648 622 731 subvolat,
652 651 694 714 H.
720 650 879 732 Schmidt,
911 652 966 738 qui
990 653 1059 715 iure
1084 650 1256 716 vasculum
1280 653 1311 717 V
1334 675 1405 717 sae-

228 756 302 821 culo
337 757 481 821 tribuere
516 757 656 841 videtur,
692 756 777 822 bene
814 759 954 822 coniecit
981 758 1098 822 artifici
1123 759 1261 824 Hesiodi
1288 781 1406 824 versus

165 950 168 955 ἱ
228 862 420 928 obversatos
445 886 520 928 esse
546 865 684 950 (Theog.
711 865 896 951 284s85)1)

318 990 349 1054 3.
375 990 445 1054 Iam
469 991 548 1054 artis
573 989 729 1077 operibus
754 988 961 1076 perlustratis
987 992 1098 1054 existit
1115 993 1275 1078 quaestio,
1300 1002 1408 1056 utrum

229 1097 299 1161 iure
323 1098 356 1161 in
380 1097 462 1163 duas
486 1106 597 1184 partes
622 1121 641 1161 a
664 1096 759 1162 nobis
785 1097 892 1162 divisa
917 1099 982 1162 sint
1004 1120 1121 1163 necne.
1150 1099 1276 1162 Pariter
1299 1109 1407 1164 autem

231 1213 330 1290 atque
364 1207 399 1268 in
444 1207 522 1269 artis
569 1207 788 1270 monumentis
832 1206 930 1269 etiam
964 1207 998 1269 in
1036 1204 1153 1270 litteris
1191 1206 1288 1271 modo
1314 1205 1405 1271 solus

232 1311 396 1396 Pegasus,
439 1313 536 1377 modo
577 1336 651 1377 cum
691 1312 878 1398 Chrysaore
920 1315 1072 1377 cernitur.
1136 1313 1227 1394 Quas
1269 1316 1297 1378 si
1335 1338 1409 1400 per-

232 1421 347 1501 cmris,
387 1419 629 1484 animadvertes
655 1419 876 1507 Chrysaorem
900 1423 1082 1506 praeteriri,
1116 1421 1171 1484 ubi
1195 1444 1259 1486 uno
1285 1423 1325 1486 de
1349 1423 1409 1486 Pe-

231 1549 312 1612 gaso
337 1525 391 1590 vel
414 1536 450 1590 ut
473 1549 557 1612 equo
581 1527 846 1614 Bellerophontis
875 1527 929 1592 vel
961 1539 995 1592 ut
1017 1529 1247 1615 Hippocrenes
1277 1539 1410 1594 auctore

232 1636 350 1718 agitur,
375 1644 488 1700 contra
511 1635 597 1710 addi,
622 1635 680 1700 ubi
705 1646 795 1700 ortus
819 1635 932 1701 fabula
955 1641 1116 1701 narratur.
1148 1636 1247 1700 Velut
1270 1636 1410 1701 Ovidius

231 1741 308 1805 Met.
349 1741 395 1806 IV
434 1743 498 1807 786
549 1742 605 1807 ubi
645 1753 735 1808 ortus
774 1745 973 1808 mentionem
1023 1741 1118 1826 facit,
1171 1755 1203 1807 et
1246 1744 1411 1829 Pegasum

233 1859 266 1913 et
293 1847 514 1936 Ohrysaorem
549 1851 684 1937 profert,
715 1850 790 1914 Met.
820 1851 850 1913 V
875 1851 950 1923 259,
976 1874 1039 1938 quo
1064 1873 1164 1915 versu
1188 1850 1277 1915 illum
1302 1851 1410 1915 locum

231 1958 368 2043 respicit
403 1957 458 2043 (cf.
494 1982 524 2044 p.
562 1959 625 2041 13),
668 1981 768 2022 unum
792 1958 958 2043 Pegasum
993 1960 1146 2041 nominat,
1182 1960 1335 2045 quoniam
1370 1958 1411 2021 de

235 2065 447 2152 Hippocrene
477 2066 647 2150 aPegaso
677 2066 752 2129 fusa
780 2064 883 2130 verba
911 2066 999 2130 facit.
1046 2066 1147 2152 Atqui
1176 2065 1304 2130 illorum
1333 2069 1412 2129 artis

234 2195 369 2259 operum
400 2196 483 2259 quae
501 2176 610 2244 omnia
625 2172 667 2237 ad
685 2183 774 2237 ortus
792 2170 938 2239 fabulam
961 2173 1157 2257 referuntur,
1181 2176 1254 2259 ipsa
1277 2173 1412 2237 dimidia

234 2303 310 2366 pars
324 2283 423 2345 unum
436 2282 602 2365 Pegasum
614 2280 760 2367 praebet,
777 2282 904 2367 reliqua
922 2283 1064 2367 quinque
1078 2285 1174 2345 etiam
1193 2280 1410 2367 Chrysaorcm

235 2387 420 2452 ostendunt.
468 2388 541 2451 Hoc
566 2410 643 2472 ergo
672 2411 739 2453 non
772 2389 851 2453 inde
888 2389 1021 2453 ductum
1058 2410 1132 2452 esse
1168 2398 1285 2474 potest,
1325 2387 1413 2471 quod

239 2494 406 2581 Chrysaor
429 2497 564 2561 minoris
589 2497 745 2560 momenti
780 2498 830 2560 sit.
878 2495 957 2581 Ipsa
986 2504 1094 2560 autem
1130 2517 1169 2559 ea
1203 2504 1414 2560 monumenta

114 2618 116 2621 ’
161 2664 163 2669 ,
237 2625 320 2688 quae
345 2626 419 2668 cum
441 2613 510 2667 arte
529 2603 642 2668 Ionica
658 2603 837 2668 cohaerere
854 2602 1006 2683 vidimus,
1031 2613 1064 2667 ct
1079 2603 1243 2688 Pegasum
1262 2613 1294 2667 et
1310 2602 1412 2688 Chry·

235 2734 365 2776 sacrem
389 2711 558 2798 praebent,
583 2713 616 2775 in
641 2710 796 2798 operibus
822 2710 984 2776 Graeciae
1009 2709 1223 2776 occidentalis
1247 2732 1332 2775 unus
1354 2711 1411 2774 Pe·

234 2840 335 2903 gasus
371 2821 521 2884 occurrit.
571 2818 726 2905 Sequitur
760 2828 797 2882 ut
825 2817 928 2883 altera
956 2828 1242 2883 monumentorum
1271 2840 1348 2904 pars
1372 2817 1414 2881 ad

236 2924 371 2989 alteram
405 2924 536 2991 fabulae
571 2926 709 2990 formam
744 2924 867 2989 redeat.
917 2925 1027 3010 Atque
1056 2947 1175 3010 opera
1202 2926 1242 2988 in
1270 2924 1414 3010 quibus

238 3056 338 3097 unus
377 3033 552 3119 Pegasus
596 3035 807 3118 reperitur.
853 3032 900 3095 ad
940 3030 1148 3112 Graeciae,
1194 3041 1329 3095 cetera
1367 3032 1415 3095 ad

238 3140 356 3206 Asiae
380 3140 553 3205 fabulam
577 3140 802 3205 revocanda
826 3149 929 3205 sunt.

328 3266 399 3330 Iam
433 3269 646 3352 inquiramus
685 3265 790 3352 qualis
826 3268 908 3330 ratio
945 3267 1030 3328 inter
1063 3287 1102 3328 ea
1138 3274 1171 3328 et
1205 3266 1414 3328 veterrimum

238 3372 416 3437 litterarum
448 3376 679 3453 testimonium,
709 3373 892 3438 Hesiodi
916 3372 1042 3457 Tlreog.
1068 3371 1203 3456 280s81,
1245 3373 1296 3434 sit.
1345 3373 1414 3434 Hos

240 3491 347 3545 autem
382 3504 500 3545 versus
530 3504 604 3545 cum
639 3481 703 3545 illis
740 3481 896 3567 operibus
931 3482 965 3544 in
1001 3479 1120 3566 quibus
1157 3501 1242 3542 unus
1267 3479 1415 3562 Pegasus

240 3612 419 3675 expressus
444 3601 503 3672 est,
529 3589 609 3653 nibil
633 3589 810 3655 cohaerere
834 3591 867 3652 in
892 3598 1005 3675 aperto
1030 3595 1089 3651 est.
1135 3586 1244 3666 Quare
1269 3585 1415 3650 Hesiodo

241 3707 485 3760 monumentum
510 3696 674 3782 quoddam
706 3696 915 3759 obversatum
947 3718 1032 3776 esse,
1067 3696 1101 3757 in
1126 3716 1190 3779 quo
1215 3715 1232 3756 e
1257 3693 1415 3756 Medusae

241 3804 324 3868 collo
356 3813 454 3890 caput
488 3805 644 3889 equinum
681 3805 894 3885 emerse1·it,²)
929 3801 1118 3886 negandum
1143 3812 1203 3865 est.
1252 3801 1302 3864 Ac
1327 3810 1415 3864 certo

241 3934 282 3976 ne
308 3910 427 3975 detali
452 3911 582 3998 quidem
608 3920 817 3975 monumento
843 3911 1005 3995 cogitavit,
1035 3911 1069 3973 in
1097 3908 1185 3995 quali
1213 3917 1245 3971 et
1267 3908 1416 3993 Pegasus

242 4032 275 4082 et
299 4018 465 4105 Chrysaor
489 4017 671 4083 adfuerunt.
713 4019 877 4104 Inspicias
903 4020 989 4081 enim
1014 4037 1147 4080 versus:
1174 4016 1416 4079 animadvertes

241 4149 349 4212 neque
367 4127 407 4191 de
424 4126 582 4190 Medusae
599 4149 660 4190 nec
679 4126 719 4189 dc
735 4125 850 4190 Persei
867 4127 978 4210 specie
995 4126 1170 4210 quicquam
1188 4124 1261 4188 dici.
1294 4122 1368 4203 Qua
1383 4125 1417 4187 in

242 4258 277 4297 re
294 4233 428 4299 Scutum
445 4233 598 4298 Herculis
623 4233 709 4319 quod
738 4244 883 4316 vocatur,
906 4234 1048 4296 maxime
1071 4232 1179 4295 differt
1200 4231 1242 4313 (v.
1260 4231 1325 4295 216
1343 4233 1414 4317 sq).

335 4450 352 4503 ¹.
372 4446 393 4499 L
423 4463 445 4500 c.
465 4464 492 4514 p.
512 4445 577 4508 1543
595 4464 623 4514 p.
646 4444 752 4511 175r76.

333 4538 353 4608 ²)
374 4535 419 4590 Sic
440 4536 528 4589 linatz
547 4535 564 4588 l.
585 4552 607 4592 c.
628 4554 654 4605 p.
674 4534 717 4590 48.
