3334 5042
854 304 897 375 tl

771 402 984 411 ———-·——-—

376 505 447 571 Iam
470 529 548 572 vero
571 507 658 594 quod
682 507 725 572 ad
750 511 959 588 „sensum“‚
985 517 1020 571 ut
1035 509 1080 571 ita
1097 506 1254 589 dicamus,
1279 507 1463 575 fabularum

288 616 410 694 attinet,
447 638 530 701 quae
559 614 602 679 ad
624 615 745 700 Pegasi
769 625 875 680 ortum
898 615 1076 701 pertinent,
1101 608 1242 702 primum
1270 612 1463 703 proferatur,

288 720 376 810 quod
401 745 442 785 ex
465 724 505 801 iis
531 745 614 809 quae
639 724 792 796 eruimus,
818 723 1005 807 negandum
1031 745 1107 787 esse
1131 724 1268 789 videtur.
1381 717 1385 723 ’

376 866 484 953 Atque
517 875 547 931 et
571 865 796 953 Chrysaorem'
824 877 856 929 et
879 867 1037 930 Perseum
1074 878 1190 954 postea
1222 868 1351 932 additos
1387 892 1463 932 esse

287 961 585 1059 comprobavimus,
635 974 744 1055 Quare
776 975 947 1060 opiniones
977 996 1090 1038 eorum
1127 976 1180 1060 qui
1210 977 1243 1039 in
1268 974 1463 1063 explicando

254 1076 257 1079 ’
286 1079 339 1146 vel
363 1103 382 1145 a
405 1082 529 1147 Perseo
554 1082 619 1145 orsi
634 1091 721 1146 ,sunt
744 1079 796 1144 vel
818 1103 837 1145 a
859 1079 1060 1168 Chrysaore,
1086 1083 1179 1146 cuius
1204 1105 1324 1146 nomen
1349 1080 1466 1147 diluci-'

287 1188 365 1252 dum
389 1211 428 1253 ac
452 1191 664 1277 perspicuum
691 1212 766 1253 esse
792 1188 976 1272 videbatur,
1003 1189 1231 1275 explodendas
1256 1199 1341 1253 sunt.

374 1333 550 1398 Pristinam
585 1343 694 1398 autem
727 1331 861 1396 fabulae
894 1332 1032 1413 formam
1065 1355 1137 1396 eam
1166 1335 1392 1417 cognovimus,
1430 1343 1464 1398 ut

285 1441 457 1527 Neptunus
487 1450 520 1505 et
548 1440 689 1504 Medusa
712 1461 873 1526 equorum
898 1441 1008 1526 specie
1037 1440 1140 1504 induti
1161 1440 1328 1526 Pegasum
1351 1443 1463 1526 gigne·

285 1557 367 1613 rent.
416 1547 477 1614 Oui
500 1545 630 1612 fabulae
655 1546 736 1612 alias
773 1546 960 1634 complures
989 1546 1176 1634 persimiles
1205 1571 1280 1612 csse
1309 1548 1462 1614 vidimus.

286 1654 414 1735 Quibus
437 1657 471 1718 in
496 1654 648 1719 omnibus
672 1652 751 1718 nihil
775 1656 842 1718 nisi
858 1653 1036 1718 liberorum
1054 1654 1257 1739 singulorum
1282 1667 1371 1720 ortus
1388 1679 1463 1743 pro-

285 1761 396 1826 fertur.
440 1761 529 1825 Nihil
564 1763 662 1847 igitur
696 1763 760 1825 nisi
796 1761 838 1826 de
873 1760 993 1825 fabulis
1028 1761 1251 1847 genealogicis
1280 1773 1378 1850 atque
1405 1786 1462 1827 vc·

285 1870 475 1933 tustissimis
507 1871 559 1954 agi
590 1879 736 1955 apparet.
783 1870 854 1933 Nec
882 1872 1001 1934 mirum
1034 1879 1085 1933 est
1114 1872 1211 1934 etiam
1235 1869 1376 1935 ferinum
1402 1871 1462 1934 Pe·

285 1998 399 2060 gasum
424 1975 638 2061 genealogiae
663 1979 804 2041 conexui
827 1979 939 2040 inseri.
987 1977 1058 2041 Iam
1088 1978 1173 2041 enim
1201 1977 1344 2042 vidimus
1368 1976 1462 2041 fabu-

285 2080 348 2146 lam
372 2083 414 2147 ad
436 2081 491 2147 illa
514 2094 663 2170 tempora
685 2085 802 2167 redire,
837 2084 955 2170 quibus
980 2085 1044 2170 ipsi
1068 2084 1120 2148 dei
1145 2086 1263 2148 summi
1292 2084 1460 2148 beluarum

285 2192 396 2276 specie
420 2191 525 2256 induti
548 2192 776 2273 credebantur,
813 2215 888 2257 cum
918 2191 1025 2256 bestia
1049 2193 1171 2255 homini
1204 2214 1265 2278 par
1287 2191 1341 2255 vel
1365 2194 1461 2256 etiarn
1536 2267 1538 2270 ¹

285 2300 434 2385 superior
457 2308 635 2386 putaretur.
683 2300 793 2380 Quare
814 2298 912 2364 facile
935 2298 1136 2384 intellegitur
1160 2299 1299 2385 figuram
1323 2299 1461 2363 ferinam

285 2404 382 2469 simili
398 2409 539 2471 conexui
562 2416 660 2492 atque
685 2406 833 2471 homines
851 2407 994 2492 adiungi.
1036 2408 1199 2488 Quoniam
1215 2418 1323 2472 autem
1341 2428 1461 2493 genea-

284 2511 371 2598 logia
392 2515 498 2599 prima
521 2512 562 2577 de
585 2513 714 2599 Pegaso
737 2512 849 2578 fabula
885 2516 1043 2578 contineri
1072 2537 1135 2579 non
1173 2524 1294 2601 potest,
1325 2525 1462 2601 apparet

284 2621 455 2705 pristinam
479 2621 551 2687 eius
575 2630 724 2685 naturam
748 2619 825 2686 alibi
850 2622 1073 2708 quaerendam
1097 2644 1183 2686 esse.

373 2764 552 2850 Postquam
577 2763 618 2828 de
642 2764 762 2829 fabulis
786 2765 855 2829 dixi
879 2788 963 2852 quac
987 2765 1030 2829 ad
1054 2766 1213 2849 originem
1244 2766 1366 2852 Pegasi
1388 2786 1466 2853 per·'

284 2873 397 2954 tinent,
421 2894 509 2936 nune
526 2872 647 2958 Pegasi
664 2884 697 2937 et
713 2871 976 2959 Bellerophontis
993 2882 1064 2937 arta
1087 2875 1273 2938 coniunctio
1294 2882 1459 2938 tractetur.

374 3034 511 3115 Reliqua
537 3037 719 3117 propediem
742 3037 872 3101 edentur
895 3038 929 3100 tn
953 3035 1126 3101 Brestaoer
1145 3036 1372 3119 philoloyr'scte
1394 3036 1460 3101 Ab·

285 3140 487 3224 kundluuyeo
509 3143 568 3207 ool.
602 3142 696 3206 VIII
715 3143 795 3225 fasc.
820 3142 883 3207 IV.
