3334 5042
751 310 785 370 47

202 495 391 573 appellantur
405 492 426 575 ¹,
461 514 522 555 una
550 515 587 554 ex
613 496 647 553 iis
668 495 802 554 Medusa
824 503 951 553 vocatur
962 493 983 571 2,
1016 495 1222 573 Hesperidum
1250 499 1343 558 draco

200 595 345 675 Phorcyis
361 606 391 657 et
410 596 503 657 Cetus
518 598 594 657 filius
618 605 712 673 atque
728 595 909 671 Gorgonum
934 595 1028 653 irater
1050 596 1111 656 iam
1134 599 1218 674 apud
1233 597 1344 659 Hesio-

202 699 276 757 dum
298 708 346 758 est
358 695 379 762 ⁸.

297 800 429 861 Medusa
461 800 635 877 aethiopica
670 817 856 876 quamquam
889 799 1084 874 scriptoribus
1121 817 1241 876 semper
1268 809 1344 860 nota

198 901 262 978 suit,
296 903 379 979 apud
409 903 536 961 artifices
563 919 635 960 mor
668 902 698 958 in
731 900 916 960 oblivionem
951 902 1040 961 venit.
1086 898 1146 972 Qui
1179 911 1345 976 sequuntur

202 1021 341 1062 vasorum
362 1004 494 1079 pictores
509 1003 655 1065 Perseum
670 1002 788 1061 iaciunt
801 1019 858 1079 pro
874 1001 1042 1078 Gorgoneo
1057 1012 1150 1079 caput
1164 1002 1341 1061 femininum

203 1106 325 1181 vulgare
353 1113 540 1181 portantem3
569 1103 654 1161 initio
681 1102 796 1162 saeculi
824 1104 923 1178 quarti
956 1104 1071 1162 additis
1099 1104 1214 1180 capillis
1240 1106 1344 1181 angui·

203 1207 346 1265 formibus
368 1214 399 1265 et
419 1207 564 1282 anguium
585 1205 671 1263 nodo
696 1203 774 1261 infra
795 1212 930 1262 mentem
947 1213 1088 1263 conserto
1104 1213 1172 1263 orta
1187 1214 1235 1263 est
1249 1206 1345 1263 notis-

202 1308 279 1366 sima
300 1309 443 1384 temporis
465 1306 614 1364 inferioris
638 1305 796 1381 Gorgonei
818 1304 924 1365 forma.

364 1481 390 1537 3.
423 1479 471 1537 Do
491 1481 740 1537 monumentorum
763 1477 939 1549 temporibus
958 1481 985 1535 et
1007 1479 1180 1541 auctoribus.
1231 1504 1235 1513 =

298 1615 433 1672 Fabulae
459 1613 573 1687 primae
602 1612 704 1688 pictae
735 1620 806 1669 sunt
835 1628 893 1669 eae
925 1629 1004 1686 quae
1033 1605 1157 1687 singulis
1187 1614 1234 1671 vel
1266 1614 1343 1672 binis

203 1715 305 1791 figuris
334 1716 455 1791 saepius
476 1714 610 1789 repetitis
640 1713 766 1789 exprimi
793 1720 948 1789 poteraut3
976 1714 1057 1770 velut
1084 1715 1222 1788 peditum
1252 1716 1345 1774 series

202 1815 420 1875 Centaurorum
450 1816 538 1874 seriei
567 1815 710 1891 opposita
738 1815 832 1872 fiebat
859 1813 1057 1890 Lapitharum
1084 1832 1154 1873 cum
1182 1815 1342 1874 Centauris

201 1935 313 1995 pugna,
336 1918 509 1995 sagittamus
532 1936 600 1976 cum
622 1916 825 1992 compluribus
849 1914 1010 1973 Centauris
1033 1934 1175 1992 pugnans
1191 1916 1340 1976 Hercules

205 2019 348 2096 appellari
370 2027 490 2096 poterat
502 2016 524 2078 4.

300 2120 336 2177 In
357 2120 568 2196 antiquissima
592 2119 740 2178 artificum
762 2136 941 2193 graecorum
963 2117 1125 2193 figurarum
1145 2121 1235 2195 copia
1257 2138 1344 2196 repe·

204 2222 320 2280 riuntur
348 2230 485 2280 monstra
512 2221 594 2279 alata
616 2220 767 2279 currentia
789 2228 819 2278 et
841 2219 979 2278 homines
1001 2220 1078 2277 nudi
1099 2221 1194 2278 altero
1216 2222 1341 2280 brachio

204 2331 346 2400 protento
380 2323 476 2382 altero
511 2330 631 2381 retento
664 2331 830 2382 currentes.
882 2320 966 2380 Talis
997 2321 1089 2380 homo
1123 2323 1224 2381 nudus
1254 2342 1347 2401 quem

204 2432 372 2501 sequuntur
394 2426 457 2482 duo
479 2432 614 2482 monstra
627 2422 832 2481 fitPerseus
855 2441 874 2480 a
896 2421 1142 2498 Gorgonibus
1161 2425 1343 2501 agitatus;

206 2527 281 2584 alter
302 2527 395 2585 bomo
418 2527 541 2586 additus
556 2525 697 2585 Mercurii
711 2533 813 2601 partes
830 2525 964 2602 suscipit.
978 2530 988 2548 ⁸
1000 2524 1091 2584 Hanc
1105 2526 1345 2603 antiquissimam

203 2627 372 2687 sabulaeab
383 2626 545 2686 artificibus
556 2634 704 2686 tractatae
717 2625 846 2685 formam
856 2627 986 2685 servavit
996 2626 1090 2701 tripus
1102 2635 1240 2686 etruscus
1249 2628 1279 2685 K
1291 2630 1343 2687 31.

299 2729 372 2787 Mox
399 2747 469 2788 cum
498 2747 547 2787 ars
570 2728 710 2787 archaice
733 2727 892 2785 didicisset
913 2726 1048 2801 singulas
1066 2745 1214 2803 personas
1236 2728 1341 2787 distin-

200 2847 293 2905 guere
321 2838 353 2888 et
378 2830 556 2907 significare,
586 2829 714 2888 Perseus
739 2829 825 2887 cibisi
855 2828 959 2903 gladio
981 2837 1091 2903 petaso
1110 2830 1174 2886 sive
1194 2828 1272 2904 pileo
1293 2847 1342 2886 or·

200 2939 370 3000 natusest,
400 2931 577 3005 Mercurius,
608 2931 632 2987 si
655 2932 772 3003 aderat,
800 2930 944 2988 caduceo.
988 2929 1147 2986 Perseus
1169 2930 1252 2988 solus
1275 2947 1344 2988 cum

203 3020 345 3090 duabus
374 3030 611 3108 Gorgonibus
641 3031 729 3088 fictus
762 3038 829 3087 erat
854 3030 884 3086 in
914 3029 1007 3088 Scuto
1034 3026 1217 3088 Ηεείοῖίεο5
1249 3038 1281 3088 et
1315 3030 1347 3089 in

204 3131 323 3208 Cypseli
356 3149 440 3202 arca3
469 3134 499 3190 in
520 3132 726 3190 monumentis
748 3131 875 3189 servatis
897 3132 1045 3189 accedere
1066 3132 1166 3189 solent
1186 3131 1347 3191 Medusa

201 3232 405 3292 Mercurius
419 3232 602 3291 Minerva.
647 3232 687 3290 Di
701 3241 754 3290 aut
768 3240 852 3290 stant
867 3227 909 3308 (K
929 3234 957 3301 3,
974 3234 1002 3306 7,
1027 3235 1055 3302 9,
1081 3226 1132 3310 12)
1156 3241 1210 3291 aut
1224 3241 1347 3292 cumrnt

205 3331 248 3409 (K
269 3330 317 3410 4);
340 3335 465 3393 alterum
482 3334 638 3392 Minervae
660 3334 787 3393 alterum
802 3333 944 3392 Mercurii
958 3334 1110 3410 proprium
1126 3351 1196 3392 esse
1218 3335 1345 3410 videtur,

201 3436 324 3494 namin
345 3436 376 3493 K
400 3439 427 3511 1,
447 3436 498 3494 ubi
520 3435 657 3494 Minerva
679 3443 763 3493 stans
783 3434 868 3510 picta
888 3441 945 3502 est,
968 3434 1152 3493 Mercurium
1174 3429 1342 3495 cucurrisse

202 3555 288 3596 crure
313 3545 433 3595 servato
456 3537 576 3611 probari
599 3536 725 3594 videtur.
769 3534 901 3595 Medusa
922 3535 1103 3611 plerumque
1125 3536 1279 3595 sororibus
1304 3536 1344 3594 si·

201 3639 277 3700 milis
299 3647 357 3708 est,
383 3639 547 3714 nisi'quod
569 3648 660 3715 caput
683 3640 783 3714 deest;
813 3646 932 3695 mature
955 3646 1060 3696 autem
1082 3638 1256 3697 didicerunt
1277 3657 1346 3698 eam

205 3741 330 3800 alatere
346 3748 544 3815 conspectam
560 3740 614 3797 alis
631 3739 820 3814 complicatis
837 3741 1091 3814 procumbentem
1105 3741 1231 3815 pingere
1246 3735 1289 3818 (K
1303 3737 1346 3817 2).

204 3855 401 3866 -—--·----—

302 3903 420 3959 ¹Schol.
438 3909 492 3971 Ap.
511 3904 603 3956 Rhod.
623 3905 664 3954 IV
684 3903 761 3958 1399.

300 3991 465 4061 9Μγῖῖιοςῐ.
484 3995 544 4045 Vst.
563 3993 605 4042 111
625 3995 642 4045 l.
663 3993 709 4059 133
728 3993 853 4058 Fulgent.
872 4009 898 4059 p.
914 3992 972 4047 156.

302 4080 313 4117 Β
331 4084 430 4150 Theog.
449 4082 510 4137 334.

301 4167 371 4225 *Cn
389 4173 545 4224 Loeschclre
563 4173 600 4226 A.
619 4174 647 4226 Z.
668 4171 737 4226 1882
756 4189 799 4241 pp.
818 4172 864 4241 44,
882 4173 918 4227 48
937 4191 972 4225 ss.

300 4258 371 4311 ⁵De
395 4262 493 4313 ratione
518 4263 586 4313 inter
606 4259 712 4315 Scutum
738 4270 764 4314 et
788 4279 850 4315 rasa
873 4263 1052 4330 antiquissima
1073 4263 1253 4314 intercedente
1281 4261 1344 4314 siut

204 4351 255 4414 egit
274 4353 310 4404 n,
328 4354 354 4417 J.
374 4353 401 4400 rr
420 4369 444 4418 p.
460 4351 520 4405 185.
