3334 5042
658 453 878 521 -19-

185 652 297 716 heroes
307 651 398 737 signo
411 673 452 716 ex
464 652 541 715 urbe
557 656 650 735 rapto
662 672 749 717 nunc
761 653 803 717 ad
819 673 945 716 murum
960 650 1074 736 Trojae
1086 672 1162 717 esse.
1192 649 1349 736 Tydidem

186 760 269 824 enim
292 760 325 823 in
351 780 408 824 ara
430 758 523 823 modo
539 758 662 823 stetisse
686 782 725 823 ex
748 758 872 844 figurae
892 757 1099 824 collocatione
1123 758 1247 824 elucere
1270 758 1348 823 vidi·

185 888 269 945 mus,
315 866 399 949 quod
442 865 570 949 quidem
612 865 675 929 alio
718 865 813 931 modo
856 865 1009 950 explicari
1049 866 1103 930 vix
1139 869 1246 950 potest
1288 865 1348 930 nisi

186 973 269 1054 quod
293 973 327 1036 in
361 973 450 1036 illam
484 971 524 1035 de
546 992 638 1037 muro
672 972 809 1036 desiluit.
856 971 944 1037 Haec
971 970 1195 1056 interpretatio
1219 972 1347 1037 vasculo

185 1085 339 1163 argenteo
381 1076 473 1144 valde
511 1076 753 1162 comprobatur,
803 1079 838 1142 in
881 1099 944 1164 quo
982 1077 1155 1144 Diomedes
1193 1079 1232 1143 de
1269 1078 1349 1144 arcis

84 1270 89 1275 ,
184 1207 262 1270 rupe
285 1205 318 1249 se
341 1185 493 1249 demittit.
539 1183 772 1268 Comprobatur
787 1186 885 1249 etiam
908 1189 1018 1249 statua
1045 1184 1203 1268 Apollinis
1230 1185 1349 1249 colum·

185 1312 245 1356 nae
278 1290 436 1376 imposita,
472 1309 638 1354 cumeum
666 1290 850 1375 Apollinem
877 1286 983 1371 aaa
1005 1290 1072 1355 sive
1096 1290 1267 1377 apomidi-pv
1282 1311 1349 1355 esse

4 1391 25 1420 ⁶
56 1388 59 1393 ’
185 1396 346 1462 Robertus
374 1396 488 1460 viderit
508 1419 538 1481 p.
559 1396 619 1461 151
640 1418 690 1481 op.
704 1417 730 1460 c.
777 1395 889 1459 Vlixes
914 1397 1060 1461 comitem
1084 1417 1180 1481 aegre
1204 1396 1349 1481 excipere

185 1505 326 1582 videtum
361 1523 443 1586 quae
475 1506 582 1565 autem
611 1501 732 1566 fuerint
766 1503 834 1585 ejus
868 1506 975 1585 partes
1008 1502 1042 1566 in
1075 1503 1163 1586 signo
1197 1503 1348 1587 rapiendo

184 1610 376 1694 scriptorum
399 1607 589 1673 testimoniis
604 1612 730 1672 tantum
747 1607 853 1672 allatis
876 1608 939 1673 dici
961 1608 1088 1693 poterit.
1136 1607 1186 1673 Ex
1209 1609 1349 1675 custodis

185 1717 342 1781 cadavere
364 1736 414 1779 res
429 1735 529 1799 prope
554 1714 593 1777 ad
616 1716 744 1798 portam
767 1714 929 1796 quandam
952 1714 1006 1794 agi
1029 1716 1141 1779 elucet.
1187 1713 1349 1781 Minervae

184 1825 340 1908 templum
362 1843 457 1906 supra
479 1841 607 1885 murum
631 1819 719 1885 urbis
743 1821 883 1904 conspici
905 1822 970 1905 jam
992 1824 1088 1887 antea
1111 1820 1259 1886 diximus.

275 1929 385 1994 Restat
413 1932 451 1992 at
479 1927 519 1992 de
554 1928 669 1991 horum
703 1931 980 1992 monumentorum
1011 1926 1185 2013 archetypo
1216 1950 1348 2014 quaera-

187 2059 265 2100 mus.
312 2034 524 2100 Notissimum
547 2033 638 2097 illum
665 2031 762 2098 fuisse
792 2035 863 2119 jam
890 2038 1024 2099 constat.
1072 2034 1123 2099 nx
1145 2039 1217 2100 tota
1240 2040 1347 2101 autem

187 2142 484 2227 repraesentationis
527 2141 758 2207 constitutione
804 2140 1068 2205 verisimillimum
1112 2141 1150 2205 fit
1202 2140 1346 2207 tabulam

188 2251 309 2332 pictam
343 2248 456 2325 suisse;
493 2254 591 2331 atque
628 2247 807 2332 suspicatus
845 2251 896 2312 est
929 2246 1088 2312 Robertus
1125 2246 1212 2312 illam
1246 2249 1347 2334 ipsam

187 2356 282 2420 fuisse
325 2377 421 2438 quam
461 2354 597 2419 Athenis
639 2353 673 2417 in
713 2353 924 2418 Pinacotheca
960 2354 1041 2417 vidit
1086 2353 1256 2420 Pausanias
1290 2353 1347 2441 (2).Ι

188 2461 231 2527 Ut
280 2462 342 2527 hoc
386 2461 555 2546 conjiceret
603 2484 634 2526 v.
680 2459 710 2523 d.
758 2461 825 2525 sine
871 2459 968 2525 dubio
1015 2480 1052 2525 eo
1097 2460 1253 2526 adductus
1299 2444 1355 2529 est

187 2570 270 2651 quod
305 2568 339 2632 in
373 2567 572 2651 sarcophago
595 2586 693 2650 supra
723 2566 883 2650 descripto
906 2564 954 2652 (E)
979 2564 1147 2631 Diomedes
1182 2572 1216 2632 et
1239 2565 1351 2634 Vlixes

188 2673 372 2738 Philoctetis
400 2693 509 2737 arcum
533 2673 738 2756 surripientes
766 2674 862 2757 juxta
889 2671 1024 2737 Palladii
1047 2676 1175 2757 raptum
1199 2676 1349 2740 exhiben-

188 2785 255 2857 tur3
291 2801 373 2863 quae
404 2778 493 2844 facta
528 2779 662 2843 Athenis
698 2800 826 2863 quoque
859 2779 1030 2863 conjuncta
1067 2800 1137 2844 esse
1171 2802 1210 2843 ex
1243 2782 1350 2846 verbis

188 2887 363 2951 Pausaniae
383 2891 527 2971 apparet.
568 2884 688 2950 Dubito
712 2892 818 2951 tamen
841 2908 919 2950 num
943 2886 1017 2950 huic
1041 2886 1086 2950 rei
1101 2886 1223 2969 aliquid
1246 2889 1351 2954 tribu·

188 2994 302 3058 endum
341 2993 392 3070 sit,
432 3013 505 3057 cum
542 2991 620 3058 haec
653 2991 743 3056 furta
775 2994 925 3078 conjungi
960 2998 1207 3058 consentaneum
1243 2992 1349 3073 fuerit,

190 3104 287 3182 atqua
319 3121 352 3164 re
379 3119 452 3163 vera
486 3098 584 3163 etiam
618 3100 652 3163 in
687 3099 788 3165 altero
816 3098 1000 3183 anaglypho
1027 3099 1099 3179 (vid
1122 3098 1207 3164 infra
1229 3121 1271 3165 no
1293 3098 1350 3185 20)

184 3205 386 3291 juxtaposita
414 3205 491 3283 sint,
531 3205 564 3268 in
599 3227 662 3288 quo
698 3205 835 3271 Palladii
873 3196 986 3290 raptus
1023 3206 1065 3270 ad
1102 3210 1216 3290 typum
1251 3205 1346 3291 plane

187 3313 345 3377 diversum
361 3332 528 3403 expressus
551 3315 611 3376 est.

274 3417 421 3483 Picturas
435 3440 509 3482 vero
522 3439 602 3502 quae
616 3417 775 3502 Apollinis
787 3419 900 3502 templi
914 3418 1072 3501 porticum
1084 3417 1244 3505 Pompejis
1255 3442 1349 3484 orna·

189 3526 277 3602 bant,
296 3547 368 3590 cum
392 3525 532 3589 omnium
556 3531 747 3609 argumenta
771 3549 787 3590 e
810 3520 893 3589 bello
909 3523 1050 3609 Trojano
1073 3529 1204 3610 sumpta
1220 3524 1349 3607 fuerint,

190 3653 209 3695 a
243 3630 371 3695 Theona
405 3631 527 3716 pictore
561 3631 699 3716 pendere
732 3630 879 3696 nonnulli
913 3635 1118 3714 putaverunt.
1165 3631 1213 3696 Ex
1247 3631 1350 3698 Plinio

189 3738 272 3801 enim
297 3736 351 3822 (N.
382 3737 424 3802 H.
452 3735 586 3822 35.144)
622 3737 847 3821 comperimus,
874 3738 1018 3822 »cyclum
1043 3737 1212 3802 Troicum«
1239 3739 1280 3803 ab
1314 3761 1351 3803 eo

188 3843 298 3908 multis
321 3845 355 3908 iu
377 3842 495 3907 tabulis
518 3843 680 3928 depictum
702 3842 808 3922 fuisse,
832 3865 914 3929 qnae
940 3845 1138 3927 temporibus
1155 3843 1294 3928 Augusti
1317 3846 1350 3910 in

189 3951 313 4033 porticu
337 3949 488 4015 Octaviae
512 3951 712 4015 videbantur.
748 3988 789 3998 -
815 3947 897 4025 Quid
921 3953 1032 4013 tamen
1055 3947 1129 4012 huic
1152 3949 1351 4034 conjecturae

189 4054 327 4126 dandum
351 4055 395 4119 sit
412 4054 633 4121 difficillimum
659 4060 709 4120 est
725 4056 820 4121 dictu.
868 4054 950 4119 lllud
966 4056 1064 4120 velim
1086 4056 1237 4139 respicias
1253 4056 1350 4139 hujus

189 4162 286 4226 unius
309 4160 437 4226 tabulae
459 4167 685 4247 argumentum
714 4160 848 4225 Iliadem
879 4183 943 4226 non
970 4163 1160 4243 praebuisse.
1206 4160 1254 4225 Ex
1288 4183 1352 4246 quo

189 4267 338 4349 conjicias
362 4286 430 4331 eam
454 4290 492 4333 ex
516 4268 577 4333 alio
594 4270 733 4351 quodam
755 4269 950 4352 picturarum
976 4269 1063 4352 cyclo
1086 4271 1248 4352 sumptam
1271 4288 1350 4334 esse.

1160 4387 1193 4444 2*
