3334 5042
613 380 656 428 '·
779 396 982 463 -ec-

302 616 366 681 qua
388 593 490 659 Vlixis
513 592 660 680 πτωχείαν
682 598 852 659 tractatam
875 615 941 658 esse
966 598 1100 677 apparet
1123 593 1201 676 (vid.
1226 587 1359 657 Nauck²
1382 592 1455 669 741,

301 702 377 766 Eur.
393 701 467 766 Hec.
490 700 554 766 239
576 723 656 785 sqq„
681 701 805 765 Rhesus
823 703 849 774 l.
868 722 903 779 c.‚
928 701 1084 785 Lycopbr.
1104 696 1301 785 779-785).

390 808 638 890 Liceatdeniqne
650 830 750 892 panca
761 807 811 872 bic
824 807 988 872 deduobus
1001 809 1080 872 artis
1090 807 1236 890 operibus
1249 807 1364 870 addere
1377 823 1457 890 quae

288 998 291 1005 ἱ
302 915 329 979 si
341 915 444 978 minus
456 937 494 978 ex
510 915 559 979 his
572 919 606 978 at
622 936 638 978 e
655 913 810 978 similibus
822 914 1048 978 traditionibus
1060 934 1119 977 sua
1135 919 1323 997 argumenta
1334 913 1460 977 duxisse

302 1021 459 1085 videntur.
510 1020 552 1084 Et
579 1021 727 1104 primum'
743 1021 870 1104 quidem
899 1021 1002 1104 pictor
1024 1021 1104 1084 onae
1126 1020 1267 1084 Poririaa'
1288 1018 1346 1081 snb
1371 1018 1459 1082 no.8

304 1128 443 1191 enarrati
482 1150 518 1190 eo
553 1125 736 1211 Sophoclem
771 1133 898 1191 secutus
933 1132 981 1191 est
1014 1127 1097 1209 qnod
1133 1125 1289 1190 Helenam
1323 1125 1458 1202 induxit,

303 1232 428 1297 fabulas
450 1239 555 1297 tamen
571 1232 692 1297 Atticas
716 1234 897 1314 diligentins
920 1234 1059 1315 respexit
1083 1254 1154 1296 cnm
1178 1233 1240 1295 duo
1257 1231 1400 1295 Palladia
1422 1254 1460 1294 ex

303 1337 381 1403 urbe
414 1359 434 1402 a
460 1339 610 1403 Diomede
633 1346 665 1403 et
692 1340 785 1404 Vlixe
808 1342 900 1424 rapta
935 1360 1000 1402 esse
1027 1340 1194 1423 putaverit.
1240 1337 1326 1402 Vlixi
1355 1343 1460 1402 autern

302 1444 431 1509 Athena
452 1447 557 1510 subito
581 1467 733 1531 apparere
756 1450 852 1529 atque
867 1445 1015 1509 bracchio
1028 1450 1156 1509 extenso
1172 1445 1295 1527 aliquid
1310 1445 1459 1509 mandare

245 1561 248 1567 '
303 1553 393 1616 nobis
415 1553 576 1617 vasculum
601 1552 851 1618 describentibus
868 1553 933 1616 visa
949 1557 1006 1615 est.
1054 1549 1169 1616 Nonne
1180 1552 1247 1635 jam
1263 1551 1368 1616 elucet
1383 1551 1461 1634 quid

304 1660 363 1723 dea
393 1660 524 1742 jubeat?
584 1659 663 1723 Puto
687 1657 881 1724 Laertiadem
908 1658 1108 1722 simulacrum
1131 1680 1222 1722 suum
1245 1657 1462 1741 Demophonti

303 1765 425 1829 tradere
451 1767 508 1848 qui
541 1766 571 1829 id
596 1763 739 1829 Athenas
761 1770 966 1849 transportet.
1012 1764 1201 1850 Amphoram
1223 1764 1340 1830 deinde
1363 1764 1462 1828 Bero-

305 1871 443 1935 b'ncucem
457 1868 506 1955 (7)
518 1873 565 1936 ita
576 1877 707 1938 tantum
720 1872 921 1955 interpretari
934 1892 1061 1955 possum
1077 1877 1113 1936 ut
1123 1873 1226 1955 pictor
1241 1874 1462 1955 argumentum

304 1978 432 2041 libarius
455 1978 698 2042 commutaverit
720 1981 752 2041 et
774 1998 959 2043 scaenarum
981 1979 1204 2062 sepulcralinm
1224 1983 1302 2062 typo
1319 1976 1462 2041 adhibito

305 2084 508 2149 Cassandram
542 2083 584 2164 ad
618 2084 763 2149 Hectoris
797 2084 954 2148 tumulum
983 2086 1143 2167 lugentem
1171 2090 1266 2167 atque
1296 2085 1397 2148 altera
1424 2105 1461 2146 ex

306 2196 396 2274 parte
418 2189 546 2255 Theano
569 2188 745 2256 Palladium
769 2189 917 2256 Diomedi
940 2194 1121 2257 tradentem
1145 2193 1330 2276 depinxerit.

394 2402 494 2468 Venio
519 2425 611 2479 nune,
635 2410 672 2468 ut
694 2402 885 2487 scriptorum
908 2405 1085 2470 testimonia
1108 2407 1146 2468 ad
1170 2410 1338 2488 poetarum
1353 2425 1462 2467 narra·

305 2511 408 2574 tiones
432 2511 624 2594 pertinentia
645 2509 697 2573 bic
724 2511 893 2587 absolvam,
923 2511 962 2574 ad
990 2511 1240 2597 mythographos
1271 2511 1464 2575 recentiores
1538 2584 1540 2587 Ι

306 2617 628 2702 chronographosqne
664 2616 871 2702 Byzantinos,
918 2639 997 2700 qnos
1039 2620 1149 2701 paucis
1188 2623 1317 2682 tantum
1359 2614 1464 2681 verbis

306 2723 471 2806 attingam.
530 2722 656 2789 Etenim
686 2728 877 2808 quamquam
912 2725 1068 2787 nonnulla
1096 2725 1234 2790 fortasse
1261 2747 1299 2788 ex
1326 2722 1464 2806 antiquis

306 2830 530 2894 traditionibus
558 2831 731 2895 hauserunt
756 2831 859 2894 multa
886 2836 971 2895 certe
998 2833 1083 2895 ultro
1112 2833 1380 2917 excogitaverunt,
1410 2829 1463 2911 qui

307 2937 532 3019 descriptiones
555 2936 667 3018 longas
683 2934 817 3000 Palladii
837 2941 947 3021 raptas
962 2938 1051 3002 nobis
1071 2940 1245 3021 praebeant
1259 2938 1464 3022 singulasque

307 3064 358 3107 res
380 3047 620 3128 persequantur.
645 3078 687 3088 —
710 3041 750 3106 Ni
773 3043 865 3106 fallor
888 3044 950 3107 dno
975 3044 1131 3108 versiones
1154 3043 1239 3127 apud
1270 3064 1323 3108 eos
1346 3040 1463 3118 valent,

310 3171 393 3233 quae
416 3150 448 3212 in
474 3149 535 3212 boc
550 3149 761 3225 consentiunt,
790 3149 967 3214 Palladium
983 3150 1024 3214 ab
1041 3150 1204 3214 Antenore
1220 3151 1350 3234 ejusque
1366 3170 1464 3213 uxore

307 3256 437 3319 Theano
461 3255 604 3318 Diomedi
628 3260 660 3319 et
675 3253 762 3319 Vlixi
783 3255 941 3320 traditum
965 3256 1072 3321 fuisse.
1107 3254 1147 3319 In
1168 3256 1270 3321 altera
1292 3262 1465 3320 narrantur

307 3361 417 3425 heroes
444 3362 572 3446 signum
599 3362 639 3426 ab
668 3361 832 3427 Antenore
867 3363 1022 3447 accepisse
1055 3384 1126 3427 cnm
1161 3363 1201 3428 ad
1229 3362 1394 3427 Priamum
1426 3362 1464 3426 de

308 3488 384 3551 pace
407 3465 554 3533 facienda
568 3469 654 3533 missi
670 3467 781 3551 Trojee
796 3474 1003 3534 morarentur.
1049 3470 1146 3554 Cujus
1157 3468 1339 3534 vtraditionis
1355 3473 1464 3533 auctor

309 3577 597 3657 praestantissimus
626 3581 673 3639 est
697 3575 805 3660 Dictys
827 3574 910 3661 (ve
932 3574 1026 3660 sqq.).
1073 3576 1187 3641 Snidas
1211 3573 1408 3663 (Παλλάδιον)
1433 3579 1466 3639 et

309 3678 412 3744 Sobel.
442 3681 479 3744 Il.
504 3683 551 3746 VI
575 3682 636 3748 311
662 3684 716 3767 qui
751 3682 833 3746 inter
867 3704 899 3747 se
928 3685 966 3747 ad
994 3685 1122 3747 verbum
1153 3683 1364 3759 consentiunt,
1400 3704 1464 3746 non

309 3787 418 3851 dubito
443 3791 520 3872 quin
544 3789 662 3872 Dictyn
690 3786 852 3874 (graecum
877 3786 1031 3875 Dictynr)
1053 3793 1271 3874 exscripserint
1295 3787 1347 3874 (cf.
1370 3788 1465 3853 verba

308 3894 336 3955 oi
355 3891 388 3954 δὲ
406 3897 563 3980 ποιητικῶς
579 3894 752 3980 γράψαντες
765 3891 847 3956 εἶπαν
861 3919 888 3962 κ.
907 3918 932 3961 τ.
947 3895 972 3958 λ.
988 3897 1104 3982 quibus
1119 3897 1229 3981 Dictys
1245 3895 1474 3979 significatur).'

208 4030 211 4036 ·
309 4000 367 4063 Est
388 4003 448 4064 boc
472 4001 728 4086 antiquissimum
755 4002 788 4066 in
817 4005 931 4068 litteris
954 4005 1260 4087 testimoniumque
1284 4003 1463 4067 Palladium

309 4131 327 4170 a
354 4107 484 4172 Theano
517 4109 674 4192 proditum
704 4130 770 4172 esse
797 4111 943 4173 tradatur
970 4132 1041 4174 curn
1062 4111 1129 4194 jam
1153 4111 1186 4172 in
1211 4109 1345 4173 vasculis
1367 4131 1391 4172 s.
1415 4106 1465 4171 ΙΙΙ

309 4215 400 4298 pictis
424 4215 501 4280 hacc
528 4215 690 4280 Minervae
712 4216 855 4282 sacerdos
881 4214 1058 4281 Palladium
1081 4222 1194 4281 tenens
1217 4217 1398 4300 aspiciatur.
1423 4251 1465 4261 -
