3334 5042
824 239 877 303 ’23

264 435 475 522 Quantopere
510 450 589 500 'vero
624 435 726 500 verba
762 452 847 522 quae
882 437 1065 501 Hesiodus·
1086 436 1126 500 de
1155 446 1227 502 ortu
1262 424 1382 522 Pegasi
1410 447 1443 502 et

264 543 460 629 Chrysaoris
477 543 565 625 facit,
591 543 734 608 obscura
750 546 823 625 sint,
849 567 950 630 supra
965 547 1191 630 exposuimus.
1231 545 1314 610 Eam
1331 553 1439 609 autem

263 654 368 738 ipsam
404 650 444 715 ob
476 674 608 715 causam
639 653 734 715 etiam
765 650 1017 737 improbandum
1046 660 1097 716 est
1124 652 1285 717 artifices
1303 654 1359 738 qui
1382 653 1441 716 Pe·

262 762 333 844 gasi
372 769 406 823 et
434 758 629 844 Chrysaoris
665 769 771 822 ortum
806 757 987 840 finxerunt,
1018 758 1157 822 Hesiodi
1190 760 1351 823 rationem
1385 758 1441 822 ha-

262 866 384 931 buisse.
431 866 585 932 Ceterum
613 867 744 930 omnino
772 866 909 929 Hesiodi
940 867 1085 930 carmina
1114 867 1141 928 si
1169 864 1267 930 ullam
1280 868 1313 950 ¹),
1352 876 1440 930 certe

261 998 397 1061 parvam
420 977 486 1038 vim
504 975 546 1038 ad
563 983 649 1037 artes
674 973 902 1054 habuerunt.2)
943 973 1036 1054 Quae
1054 996 1129 1038 cum
1146 975 1190 1036 ita
1207 975 1280 1050 sint,
1305 983 1441 1059 apparet

263 1091 295 1147 et
328 1083 512 1146 Hesiodum
541 1091 573 1144 et
596 1081 739 1146 artifices
775 1084 831 1166 qui
858 1081 1024 1166 Pegasum
1051 1103 1118 1145 una
1149 1102 1223 1146 cum
1252 1080 1439 1167 Chrysaore

262 1192 355 1254 nasci
383 1190 517 1270 faciunt,
554 1189 668 1252 eadem
694 1186 834 1251 fabulae
859 1188 965 1252 forma
988 1187 1127 1252 lonica
1150 1210 1230 1252 usos
1255 1210 1340 1252 esse.
1388 1187 1439 1251 Ac

261 1295 454 1361 Duemmler
480 1295 664 1360 Hesiodum
689 1317 706 1357 e
731 1295 888 1358 Perseide
917 1294 1057 1380 quadam
1086 1294 1239 1359 hausisse
1270 1296 1399 1375 conicit.
1415 1293 1438 1380 ³)

262 1404 299 1469 ΙΙ.
328 1405 410 1468 XIV
445 1403 512 1468 320
544 1404 578 1466 in
614 1402 761 1487 catalogo
798 1424 863 1488 quo
899 1402 989 1466 lovis
1025 1425 1154 1467 amores
1195 1411 1437 1483 enumerantur,

261 1512 404 1576 Perseus
434 1515 622 1602 ἀριδείκετος
645 1515 717 1600 ἀνήρ
747 1509 940 1596 appellatur.
987 1510 1086 1573 Hunc
1114 1520 1223 1574 autem
1254 1507 1439 1595 catalogum

261 1620 355 1704 (XIV
379 1618 569 1703 317-328)
603 1620 726 1682 seriore
762 1627 867 1681 aetate
903 1617 1132 1702 interpolatum
1169 1640 1244 1682 esse
1278 1619 1342 1681 iam
1366 1617 1438 1681 Ari-

262 1726 440 1813 stophanes
464 1726 643 1811 Byzantius
668 1734 757 1788 recte
781 1723 942 1788 intellexit
966 1722 1019 1810 (cf.
1049 1723 1151 1789 schol.
1169 1725 1209 1789 A.
1232 1725 1283 1789 ad.
1303 1724 1330 1788 ll
1357 1725 1439 1789 XIV

261 1831 350 1917 320).
396 1833 506 1898 Unum
544 1832 714 1896 vasculum
749 1831 912 1897 Nolanum
949 1832 1191 1917 quodammodo
1220 1854 1262 1895 ex
1290 1831 1436 1901 Hesiodo

261 1941 406 2028 pendere
431 1941 584 2022 vidimus⁷
600 1963 674 2005 *non
698 1942 743 2003 ita
759 1949 795 2003 ut
810 1940 930 2003 artifex
946 1939 1049 2004 verba
1065 1939 1274 2023 Theogoniae
1297 1937 1438 2004 illustra·

260 2062 323 2131 ret,
360 2047 459 2113 multo
490 2049 575 2111 enim
611 2046 802 2111 obscuriora
829 2056 932 2129 crant,
972 2046 1032 2110 sed
1059 2058 1094 2110 ut
1116 2046 1270 2111 traditum
1293 2046 1439 2132 fingendi

259 2156 394 2221 modum
418 2155 619 2242 aliquantum
644 2156 826 2242 mutaret.⁴)

474 2414 501 2459 c.
531 2396 570 2460 lto
593 2397 703 2460 Perseo
726 2414 744 2460 a
766 2397 861 2473 prima
882 2399 968 2461 ortus
990 2397 1094 2461 tabula
1114 2396 1221 2461 alieno.

350 2533 433 2600 Cum
468 2534 635 2621 plerisque
663 2536 762 2619 igitur
789 2533 970 2599 litterarum
999 2536 1194 2599 testimoniis
1226 2536 1334 2600 omnia
1358 2536 1436 2598 artis

260 2650 471 2713 monumenta
505 2644 550 2706 ita
586 2644 774 2715 concinunt,
812 2651 848 2706 ut
872 2643 1036 2727 Pegasum
1065 2665 1082 2706 e
1115 2641 1198 2707 collo
1229 2642 1389 2707 Medusae
1418 2665 1438 2706 a

260 2750 382 2821 Perseo
418 2773 537 2814 caesae
568 2751 661 2814 nasci
697 2750 827 2813 faciant.
887 2751 1012 2814 Tamen
1047 2752 1247 2834 argumentis
1284 2752 1436 2814 evincere

261 2880 358 2943 posse
386 2857 467 2920 mihi
489 2857 603 2921 videor
632 2857 717 2921 hanc
745 2880 811 2921 non
834 2858 972 2942 primam
997 2856 1129 2922 fabulae
1157 2858 1294 2923 formam
1320 2858 1435 2921 fuisse.

348 2984 399 3048 Ac
422 2982 535 3047 fabula
558 2982 613 3047 illa
636 3005 737 3070 saepe
762 3004 834 3047 cum
856 2981 1032 3046 Minerva
1055 2993 1243 3069 comparata
1267 2993 1332 3065 est‚·
1353 3007 1436 3069 quae

261 3093 409 3177 ecapite
434 3092 522 3155 Iovis
558 3089 749 3155 aVulcano
778 3088 833 3154 vel
861 3090 1101 3153 aPrometheo
1136 3090 1215 3155 fisso
1256 3100 1325 3155 orta
1360 3113 1435 3155 esse

260 3198 373 3262 fertur.
384 3199 408 3282 ⁵)
464 3198 537 3261 Hac
575 3208 685 3262 tamen
725 3199 968 3283 comparatione
1008 3220 1025 3260 e
1066 3199 1226 3262 contrario
1265 3198 1435 3281 discimus,

259 3315 415 3388 quantum
452 3305 535 3368 duae
568 3303 701 3370 fabulae
737 3305 896 3381 differant,
933 3326 972 3368 ac
1004 3305 1083 3391 quid
1117 3304 1248 3369 fabulae
1282 3329 1365 3392 quae
1395 3307 1435 3371 de

258 3413 378 3496 Pegasi
403 3423 473 3477 ortu
495 3413 610 3491 fertur,
636 3415 803 3499 proprium
828 3414 879 3477 sit.
927 3412 966 3476 In
995 3411 1097 3477 altera
1120 3416 1207 3477 enim
1235 3413 1346 3478 fabula
1370 3438 1435 3478 om·

260 3523 314 3584 nia
338 3520 419 3583 deae
445 3521 569 3604 origine
587 3522 746 3585 contineri
762 3519 903 3606 plurima
919 3522 998 3584 artis
1014 3530 1224 3585 monumenta
1239 3522 1434 3605 gravissimo

260 3628 453 3692 documento
490 3638 574 3692 sunt.
623 3627 720 3707 Quod
755 3627 845 3691 lovis
882 3638 980 3713 caput
1007 3628 1150 3711 finditur,
1186 3628 1266 3692 nihil
1295 3640 1345 3692 est
1371 3629 1436 3691 nisi

258 3738 410 3822 proprius
433 3735 583 3821 pariendi
605 3735 736 3814 modus,
767 3758 864 3821 quem
888 3735 988 3800 multo
1014 3737 1147 3800 minoris
1179 3738 1333 3809 momenti
1358 3759 1433 3801 esse

260 3866 356 3930 quam
393 3854 498 3908 ortum
533 3845 641 3929 ipsum
669 3866 729 3928 per
760 3866 796 3907 se
824 3841 1032 3928 intellegitur.
1080 3844 1129 3908 Ea
1153 3867 1231 3907 vero
1256 3846 1288 3908 in
1323 3842 1436 3908 fabula

259 3974 343 4036 quae
365 3950 406 4015 de
422 3951 550 4036 Pegaso
574 3950 693 4014 tradita
717 3960 777 4033 est,
801 3973 867 4014 non
891 3960 956 4013 tam
981 3951 1022 4014 de
1047 3962 1119 4015 ortu
1143 3975 1241 4037 quam
1266 3952 1306 4015 de
1332 3951 1434 4016 caede

348 4183 369 4237 1)
390 4181 495 4249 Brenn,
515 4180 673 4250 Abhandlg.
695 4182 745 4235 der
762 4181 842 4250 bayr.
861 4181 952 4234 Akad.
975 4180 1052 4250 1889,
1072 4181 1101 4233 II
1120 4200 1147 4249 p,
1168 4181 1202 4235 73
1221 4199 1261 4250 sq.

349 4272 369 4336 ¹²)
388 4271 423 4325 Η.
444 4270 572 4325 Schmidt
589 4272 607 4324 l.
628 4288 642 4324 c
669 4291 695 4340 p.
717 4270 824 4340 175176.

348 4360 368 4428 ἢ
387 4360 420 4413 In
438 4360 612 4415 Paul-Wiss.
633 4378 645 4413 s
673 4380 699 4414 v.
721 4362 831 4414 Athena
849 4359 921 4429 Hp.
944 4359 1019 4412 1973.

349 4452 370 4517 4)
388 4450 421 4503 H.
443 4449 570 4504 Schmidt
587 4451 605 4502 l.
625 4468 648 4504 a.
668 4470 695 4518 p.
715 4450 823 4520 175s76.

347 4540 367 4609 ὅ)
388 4539 429 4594 Cf.
449 4540 582 4609 Roscher,
603 4539 751 4608 Gorgones
771 4541 829 4592 und
848 4541 1041 4604 Verwandtes,
1061 4561 1087 4613 p.
1107 4540 1143 4593 30
1162 4558 1202 4609 sq.
