3334 5042
786 248 806 314 3

691 341 904 349 ..0--——-—

209 458 324 536 posset
351 449 414 511 nisi
443 448 567 512 auctori
591 469 610 510 a
634 447 750 511 Verrio
774 444 896 509 Flacco
921 452 1077 529 excerpto
1102 444 1223 528 Pegasi
1247 457 1384 507 matrem

209 556 388 642 nympham
424 557 530 618 visam
566 576 652 618 esse.
705 555 748 617 At
781 562 871 617 reete
907 575 980 617 eum
1016 551 1216 616 iudicavisse
1251 552 1385 614 minime

211 663 366 748 colligere
389 662 475 726 licet.

298 770 348 834 Ea
383 779 492 834 autem
528 791 611 855 quae
642 778 692 832 est
715 768 756 832 de
781 768 943 852 Pegaside
966 765 1161 851 genealogia
1189 776 1277 831 certo
1308 764 1385 829 inde

210 878 312 960 fluxit,
343 877 430 964 quod
453 887 529 963 post
556 884 694 940 aetatem
720 898 805 961 quae
829 875 949 939 dicitur
975 873 1236 938 Alexandrinam
1274 871 1386 936 fabula

212 986 380 1069 divulgata
409 994 459 1048 est
481 984 645 1069 Pegasum
675 981 812 1048 fontium
843 981 1048 1069 quorundam
1077 991 1243 1045 auctorem
1273 980 1385 1044 fuisse.

212 1092 340 1173 Quibus
359 1114 434 1156 oum
450 1089 570 1155 fabulis
586 1089 697 1175 Gorgo
713 1089 809 1172 male,
827 1089 974 1177 nympha
987 1091 1108 1175 optime
1127 1085 1344 1153 conveniebat
1353 1090 1385 1168 ί).

212 1200 305 1280 Quae
330 1199 463 1286 quidem
492 1199 629 1283 Pegasis
665 1199 831 1263 nominata
855 1206 915 1280 est,
952 1206 987 1261 ut
1011 1198 1108 1261 etiam
1131 1218 1251 1260 nomen
1276 1197 1386 1281 stirpis

212 1306 439 1393 explicaretur.

302 1434 331 1497 2.
356 1432 473 1517 Neque
496 1442 606 1496 tamen
629 1429 750 1494 nudam
776 1429 1015 1515 genealogiam,
1040 1452 1154 1493 verum
1181 1430 1277 1493 etiam
1293 1428 1387 1515 plura

213 1541 253 1604 de
278 1539 436 1605 Medusae
462 1560 656 1625 compressu
679 1540 878 1624 accepimus

301 1647 372 1711 lam
417 1647 617 1711 Hesiodus
663 1645 840 1710 humanam
885 1648 1029 1732 speciem
1067 1646 1180 1709 matris
1218 1644 1388 1728 Pegaseae

213 1755 337 1820 animo
351 1757 548 1840 concepit,
561 1776 627 1818 uon
641 1753 762 1818 diserte
778 1754 921 1840 quidem,
935 1753 995 1816 sed
1008 1755 1042 1816 in
1055 1751 1277 1817 enumeranda
1285 1751 1387 1815 Phor-

214 1886 293 1948 cyos
308 1861 476 1948 Cetusque
488 1862 581 1948 prole
594 1862 733 1947 (Theog.
745 1862 810 1927 270
823 1861 886 1947 sq.)
903 1884 942 1926 ea
958 1862 1083 1925 ratione
1097 1882 1188 1942 usus,
1207 1869 1242 1923 ut
1254 1882 1274 1922 a
1287 1861 1387 1944 stirpe

215 1971 368 2052 humana,
393 1970 513 2035 Graeis
538 1970 582 2054 (v.
607 1969 796 2053 270-273)
821 1979 854 2032 et
878 1967 1100 2054 Gorgonibus,
1131 1989 1226 2030 orsus
1251 1966 1294 2030 ad
1322 1989 1389 2030 am-

215 2078 331 2163 biguas
356 2078 523 2142 hominum
561 2086 592 2140 et
621 2075 792 2141 beluarum
820 2076 953 2162 formas,
985 2075 1176 2161 Geryonem
1212 2083 1245 2137 et
1267 2073 1387 2137 Echid·
1453 2141 1458 2152 ,

213 2208 299 2268 nam,
313 2185 574 2272 progrederetur,
594 2184 712 2270 quibus
726 2183 832 2248 ferina
849 2206 997 2270 corpora,
1011 2181 1178 2260 Orthrum,
1194 2181 1387 2264 Cerberum,

214 2290 372 2378 Hydram,
391 2291 611 2374 Chimaeram,
627 2291 815 2377 Sphingem,
834 2291 964 2355 leonem
980 2291 1181 2355 Nemeaeum
1198 2289 1390 2354 draconem-

215 2422 278 2485 que
302 2398 388 2463 mala
412 2421 511 2463 aurea
535 2398 775 2464 custodientem
791 2398 969 2463 subiunxit.
1017 2398 1125 2486 Atque
1150 2399 1249 2462 etiam
1271 2399 1390 2462 ceteris

214 2505 395 2570 litterarum
428 2508 623 2572 testimoniis
656 2507 827 2583 Medusae,
856 2505 946 2571 nulla
978 2509 1043 2571 nisi
1076 2505 1219 2570 humana
1261 2506 1390 2591 species

215 2613 374 2679 tribuitur.
418 2596 529 2700 Atque
553 2613 749 2680 Aristoteles
774 2612 851 2701 (frg.
877 2615 940 2678 172
964 2614 1051 2678 Rose
1077 2613 1128 2678 ed.
1145 2612 1332 2697 Teubner.)
1356 2611 1390 2675 id

214 2723 323 2807 ipsum
348 2723 482 2786 miratus
511 2731 572 2805 est,
603 2722 691 2808 quod
725 2744 742 2784 e
772 2723 923 2807 coniugio
947 2723 1117 2786 numinum
1142 2722 1281 2785 duorum
1305 2742 1389 2805 quae

215 2839 353 2916 utraque
379 2829 522 2893 humana
545 2831 656 2915 specie
682 2829 832 2915 praedita
855 2830 985 2913 fuerint,
1011 2851 1116 2916 equus
1141 2828 1306 2914 prodierit.

304 2937 420 3023 Neque
444 2939 553 3000 minus
583 2938 681 3000 artis
707 2959 825 3022 opera
853 2937 1029 3000 humanam
1054 2936 1220 3021 Gorgonis
1252 2935 1390 2999 formam

217 3044 402 3108 ostendunt.
466 3044 533 3109 Sed
568 3067 667 3108 unum
708 3045 807 3130 idque
848 3046 1080 3128 gravissimum
1121 3052 1295 3129 exceptum
1330 3052 1390 3105 est.

215 3151 324 3237 Atque
360 3151 423 3216 hoc
464 3151 561 3215 simul
597 3175 671 3216 cum
711 3151 783 3216 aliis
820 3151 1018 3237 quibusdam
1050 3152 1179 3215 indiciis
1213 3148 1391 3214 verisimile

216 3259 309 3324 reddi
333 3268 441 3345 potest
464 3261 498 3323 in
521 3261 628 3345 prima
651 3259 781 3323 fabulae
806 3260 912 3323 forma
934 3260 1054 3344 Pegasi
1082 3268 1220 3322 matrem
1249 3258 1391 3321 hominis

216 3367 330 3431 habitu
353 3390 418 3431 non
442 3366 589 3430 indutam
613 3367 725 3431 fuisse.

306 3472 393 3539 Illud
408 3484 517 3538 autem
535 3498 616 3560 opus
641 3474 905 3561 anaglyphum
931 3475 1109 3560 amphorae
1134 3475 1241 3538 musei
1264 3474 1391 3559 Lupo-

217 3585 324 3646 rensis
350 3582 433 3665 est2)
457 3593 532 3646 ante
556 3582 617 3648 hos
642 3593 709 3646 tres
734 3604 837 3647 annos
855 3605 957 3669 prope
975 3582 1108 3647 Thebas
1126 3583 1289 3664 inventae,
1307 3604 1392 3667 quae

218 3690 333 3755 Vlla.
361 3689 436 3754 Chr.
465 3689 597 3754 saeculo
622 3689 830 3754 attribuenda
855 3692 958 3774 erit3).
1005 3692 1043 3755 ln
1068 3712 1132 3776 quo
1156 3689 1299 3754 Perseus
1324 3688 1392 3753 Me·

219 3798 323 3862 dusae
349 3807 446 3883 caput
471 3821 550 3861 ense
575 3797 767 3862 abscisurus
793 3808 852 3863 est.
900 3799 973 3862 Hoc
998 3820 1077 3863 sane
1106 3809 1138 3861 et
1166 3796 1293 3884 reliqua
1322 3820 1393 3862 cor-

218 3906 307 3992 poris
338 3907 516 3991 superioris
547 3918 629 3992 pars
652 3906 795 3970 humana
831 3908 942 3992 specie
977 3906 1091 3970 induta
1120 3915 1179 3970 est.
1227 3906 1393 3993 Equinum

218 4022 328 4078 autem
353 4036 473 4100 corpus
492 4013 730 4079 Centaurorum
747 4013 850 4078 instar
867 4014 1014 4079 additum
1039 4023 1098 4078 est.
1145 4014 1253 4099 Atque
1278 4013 1392 4078 eadem

309 4194 329 4260 ¹)
351 4190 390 4244 Cf.
411 4190 524 4245 Coruut.
548 4191 632 4246 theol.
653 4190 752 4245 Graec.
773 4191 920 4259 compend.
942 4208 964 4243 c.
984 4191 1027 4259 22,
1058 4190 1105 4258 qui
1134 4190 1298 4243 relationem
1323 4206 1393 4257 quae

220 4280 293 4344 inter
312 4280 476 4349 Neptunum
494 4283 523 4335 et
542 4282 683 4351 nymphas
702 4279 896 4350 Pegasumque
917 4282 969 4347 est,
989 4279 1104 4333 indicat.

310 4371 331 4437 2)
351 4370 380 4422 c.
403 4372 432 4423 r.
453 4370 519 4434 raa
547 4372 589 4423 ar.
610 4371 645 4423 ue
665 4370 780 4440 arares,
805 4370 876 4423 sur.
897 4371 932 4422 ae
953 4387 1074 4438 nonasp.
1094 4356 1194 4424 aaran.
1214 4368 1280 4422 uxr
1301 4368 1393 4434 ‹reos›

220 4460 256 4528 pr.
276 4459 397 4523 rr-v3-
409 4460 443 4512 er.
464 4459 531 4513 iud.
550 4479 577 4528 p.
597 4460 650 4512 rra
670 4478 709 4527 sq.
1438 4444 1440 4447 ’

311 4549 331 4611 ⁸)
351 4548 418 4602 ibid.
438 4567 466 4617 p.
485 4548 546 4602 455.

1201 4637 1233 4688 1*
