3334 5042
857 273 877 336 2

282 469 446 556 nymphae
488 480 519 533 et
557 468 672 533 Musae
709 466 823 546 subsit,
865 468 1086 556 quaerendum
1126 479 1187 541 est,
1222 479 1295 534 utra
1328 470 1363 532 in
1391 467 1455 531 hac

280 576 474 663 genealogia
498 576 669 640 statuenda
693 578 744 639 sit.
789 576 839 640 Ac
863 577 1054 663 nymphae
1077 579 1243 641 notionem
1267 574 1366 640 habet
1388 598 1455 639 vox

281 684 353 749 loco
379 684 491 765 Quinti
516 684 686 770 Smyrnaei
711 683 933 771 (111300s1):

708 789 884 884 Ἀτύμνιος]
909 797 941 860 ὅν
963 820 1039 862 ποτε
1061 798 1159 887 νύμφη

421 904 556 990 Πηγασὶς
577 902 709 991 ἠΰκομος
732 904 871 991 σθεναρῷ
895 908 981 967 τέκεν
1003 903 1182 992 Ἠμαθίωνι.

283 1008 324 1072 Et
345 1006 564 1094 nympharum
587 1007 719 1091 generis
744 1005 940 1091 significatio
971 1009 1046 1071 voci
1073 1008 1160 1071 inest
1187 1007 1275 1092 apud
1299 1005 1455 1071 Ovidium

281 1114 429 1201 (Heroid.
454 1116 484 1180 V
508 1114 556 1198 3):

372 1222 505 1306 Pegasis
529 1222 660 1304 Oenone,
686 1221 840 1305 Phrygiis
863 1222 1060 1286 celeberrima
1082 1224 1181 1304 silvie,

210 1362 211 1369 ¹
282 1353 365 1417 quae
394 1353 425 1395 v.
453 1329 504 1413 10,
533 1330 571 1394 11
604 1338 666 1393 etc.
695 1328 844 1415 nympha
879 1338 1025 1411 vocatur,
1061 1339 1094 1392 et
1128 1329 1216 1415 apud
1241 1327 1454 1394 Columellam

283 1438 327 1521 (Χ
351 1437 442 1522 263);

371 1567 455 1611 acac
478 1565 539 1623 coc,
566 1544 761 1627 Pegasidum
784 1545 919 1626 comites,
944 1544 1133 1610 Acheloides
1154 1564 1218 1610 oro.

281 1653 415 1717 Musae
440 1675 519 1717 vero
543 1653 595 1716 his
619 1650 701 1716 locis
724 1649 966 1736 intellegendae
991 1659 1081 1716 sunt:

365 1782 473 1842 pcccc
496 1761 576 1825 milii
599 1760 707 1826 doctae
729 1760 822 1825 dicite
846 1758 1018 1842 Pegasides

283 1865 461 1952 („Vergil.“
489 1865 582 1934 catal.
606 1866 657 1930 Xl
680 1864 730 1949 2);
1022 1933 1028 1945 ,

370 1975 479 2040 mollio
503 1974 677 2057 Pegasides
701 1975 775 2038 dcte
797 1980 898 2040 cestro
920 1980 1006 2040 serta
1026 1980 1136 2061 poetae

281 2083 440 2168 (Propert.
465 2082 517 2145 Ill
544 2083 572 2160 1,
601 2082 669 2167 19);

370 2191 507 2256 etmihi
529 2189 700 2272 Pegasides
723 2189 931 2254 blandissima
953 2191 1098 2256 carmina
1123 2192 1243 2255 dictant

285 2295 437 2384 („Ovid.“
463 2297 599 2362 Heroid.
624 2296 784 2382 xvir),

374 2405 545 2488 Pegasides
568 2404 686 2469 Musae
709 2405 813 2469 dictcc
845 2410 920 2469 sunt
943 2427 963 2468 c
991 2406 1079 2487 fonte
1107 2426 1198 2486 qoem
1223 2405 1367 2488 Pegasus
1393 2409 1457 2471 ictu

282 2513 420 2596 copulae
457 2514 593 2594 {iacitur
624 2513 790 2591 >aperuisse
825 2510 932 2595 (Verr.
967 2512 1079 2578 Flacc.
1115 2512 1204 2598 apud
1237 2511 1329 2577 Paul.
1365 2513 1457 2576 Festi

283 2644 309 2685 s.
349 2643 379 2684 v.
420 2618 616 2704 Pegasides,
662 2641 695 2703 p.
743 2618 818 2701 212,
867 2619 948 2698 9s10
989 2617 1155 2704 Mueller).
1218 2618 1285 2684 Sed
1323 2621 1358 2684 in
1395 2620 1457 2684 hac

281 2725 475 2812 genealogia
517 2726 646 2790 Musam
690 2748 755 2790 non
801 2726 989 2811 significari·
1024 2726 1220 2791 documento
1265 2737 1329 2810 est,
1371 2726 1458 2813 quod

281 2836 426 2921 Neptuni
452 2836 485 2898 in
520 2833 684 2920 nymphas
721 2856 850 2898 amores
886 2832 1026 2920 plurimi,
1063 2836 1096 2898 in
1130 2834 1243 2898 Musas
1278 2833 1359 2899 nulli
1395 2844 1458 2899 tra-

284 2943 412 3006 duntur.
465 2940 532 3005 Sed
564 2943 660 3005 etiam
697 2941 793 3005 aliam
828 2964 909 3024 rem,
946 2963 1143 3027 quamquam
1177 2951 1294 3028 postea
1328 2941 1457 3007 demum

211 3049 214 3053 ’
283 3043 483 3135 argumentis
512 3048 705 3128 stabilietur,
744 3051 805 3113 iam
841 3071 928 3113 nunc
951 3058 988 3112 ut
1010 3047 1151 3113 fulcrum
1175 3050 1271 3114 huius
1296 3052 1457 3135 opinionis

282 3158 429 3244 proferre
464 3157 584 3221 licebit.
639 3158 790 3241 Pegasus
827 3158 914 3221 enim
955 3158 1016 3220 etsi
1051 3156 1128 3221 inde
1163 3156 1204 3221 ab
1233 3157 1458 3221 Alexandrina
1541 3182 1543 3185 ¹

284 3275 390 3330 aetate
425 3266 657 3351 Hippucrenes
693 3278 806 3328 auctor
842 3265 960 3346 fertur,
996 3276 1106 3329 tamen
1140 3267 1204 3329 nisi
1233 3265 1354 3328 infimis
1378 3275 1457 3328 tem·

283 3373 418 3459 poribus
443 3396 482 3436 ac
506 3374 672 3437 rarissime
698 3374 870 3458 angustius
900 3395 974 3436 cum
1003 3373 1108 3437 Musis
1136 3395 1202 3437 non
1227 3395 1372 3437 conexus
1397 3382 1457 3437 est.

284 3479 420 3565 Origine
456 3491 564 3545 autem
594 3504 613 3545 a
641 3480 737 3545 Musa
766 3481 865 3544 ducta
900 3482 956 3543 vix
991 3480 1092 3544 artius
1121 3480 1287 3544 vinculum
1323 3481 1459 3565 cogitari

283 3599 407 3675 posset.
459 3588 580 3654 Contra
622 3588 787 3675 nymphae
830 3587 994 3673 prioribus
1038 3590 1103 3653 iam
1141 3588 1343 3674 temporibus
1384 3610 1457 3652 cum

282 3697 412 3782 Pegaso
438 3698 688 3780 coniunguntur.
1493 3689 1495 3693 ’

372 3804 487 3890 Neque
515 3826 557 3866 ne
581 3802 726 3889 nympha
749 3813 959 3887 agnoscatur,
989 3802 1071 3867 alter
1099 3803 1194 3867 Verri
1222 3800 1334 3866 Flacci
1364 3801 1458 3868 locus

285 3912 403 3995 obstat,
429 3933 471 3975 ex
496 3932 560 3997 quo
585 3909 767 3994 Pegasides
792 3911 908 3976 Musae
937 3910 1045 3974 diotae
1074 3918 1198 3973 sunta
1225 3908 1315 3974 fonte
1338 3910 1460 3995 Pegasi

284 4018 407 4104 ungula
438 4017 609 4105 producto.
669 4015 777 4081 Ambo
814 4040 894 4111 sane
929 4015 993 4080 loci
1017 4040 1082 4081 una
1119 4040 1192 4081 cum
1228 4017 1301 4081 aliis
1337 4017 1458 4102 glossis

286 4149 370 4214 quae
398 4136 431 4190 et
457 4128 549 4212 ipsae
579 4125 621 4190 ad
658 4125 793 4189 deorum
824 4126 1020 4210 cognomina
1049 4134 1208 4211 spectant,
1240 4125 1283 4189 ad
1318 4126 1459 4189 eundem

163 4296 168 4300 .
285 4234 408 4323 fontem
436 4232 617 4316 redeunt1).
663 4233 734 4297 Nec
770 4255 849 4297 vero
884 4232 947 4296 hac
976 4256 994 4297 e
1022 4255 1058 4297 re
1095 4234 1270 4319 quicquam
1307 4231 1459 4297 concludi

375 4394 395 4461 ¹)
416 4390 501 4444 GRH,
515 4390 636 4457 Willers,
657 4392 692 4444 de
707 4390 803 4445 Verrio
814 4392 914 4447 Flacco
933 4393 1089 4461 glossarum
1108 4392 1264 4461 interprete
1284 4392 1377 4459 (1898)
1387 4410 1413 4461 p.
1424 4391 1459 4444 26

285 4501 335 4550 sq,
363 4481 409 4549 qui
429 4481 557 4534 Verrium
576 4480 708 4535 Flaccum
731 4498 746 4535 e
775 4481 914 4537 Cornificii
945 4481 1023 4535 libris
1052 4499 1121 4550 quos
1150 4482 1184 4535 de
1214 4482 1315 4551 etymis
1343 4482 1458 4536 deorum

285 4570 450 4640 composuit,
468 4571 594 4625 hausisse
614 4571 723 4626 conicit.
