3334 5042
701 1012 882 1128 Vita.

299 1249 406 1315 Natus
442 1272 516 1313 sum
543 1250 649 1313 Franz
678 1250 813 1334 Hannig
839 1273 869 1313 a.
895 1248 925 1313 d.
949 1247 1033 1314 XVI
1055 1249 1129 1314 Kal.
1154 1249 1260 1336 April.
1297 1273 1381 1315 anno

209 1358 327 1442 prioris
353 1355 475 1421 saeculi
495 1357 649 1421 ,LXXIII
683 1359 716 1421 in
749 1359 823 1421 vico
849 1356 977 1439 Silesio,
1003 1359 1055 1421 cui
1078 1380 1198 1441 nomen
1221 1359 1383 1443 B'uerger-

209 1463 324 1528 bezirl(
348 1473 407 1528 est.
453 1464 612 1528 Parentes
640 1465 854 1550 iampridem
878 1473 982 1528 morte
1006 1463 1134 1551 abrepti
1158 1473 1243 1530 sunt.
1289 1465 1383 1529 Fidei

210 1570 396 1657 adscriptus
420 1593 493 1636 sum
517 1571 707 1642 catholicae.

278 1671 493 1742 'Litterarum
530 1665 700 1743 elementis
735 1679 879 1743 imbutus
915 1681 981 1744 adii
1010 1680 1219 1766 gymnasium
1246 1680 1383 1744 Petsch-

211 1788 375 1851 caviense.
410 1785 498 1850 >Ubi
532 1788 726 1850 maturitatis
762 1789 984 1851 testimonium
1018 1787 1157 1874 adeptus
1193 1810 1271 1850 vere
1306 1789 1383 1852 anni

209 1895 322 1960 XCIV
336 1894 577 1978 Virceburgum
601 1917 654 1957 me
671 1893 803 1975 contuli,
827 1903 863 1958 ut
879 1894 1062 1979 theologiae
1080 1894 1256 1958 studerem.
1298 1892 1382 1959 (lon-

210 2002 282 2066 silio
307 2012 414 2067 autem
430 2000 539 2088 paullo
557 2010 631 2087 post
647 2011 768 2066 mutato
784 2001 960 2084 Monachii,
985 2001 1140 2079 Berolini,
1164 2001 1382 2066 Vratislaviae

209 2093 354 2175 moratus
378 2132 460 2186 sum,
486 2118 521 2173 ut
544 2108 660 2172 studiis
684 2107 891 2194 philologieis
915 2131 1048 2194 operam
1072 2109 1193 2173 darem.

298 2219 494 2297 Docuerunt
516 2198 568 2280 1116
591 2218 653 2280 viri
678 2216 867 2280 clarissimi:
914 2215 1053 2300 Erhard,
1085 2215 1203 2298 Schell,
1230 2215 1380 2293 Stoelzle,

209 2324 513 2409 Virceburgenses3
563 2323 723 2406 Carriere,
764 2322 883 2407 Christ,
930 2323 1186 2408 Furtwaengler,
1234 2323 1380 2403 Golther,

208 2432 446 2510 Krumbacher,
470 2431 582 2510 Kuhn,
606 2431 722 2517 Lipps,
746 2431 802 2496 Iw.
821 2429 969 2510 Mueller,
994 2429 1086 2512 Paul,
1110 2429 1288 2509 Woelfflin,
1313 2431 1382 2494 Mo-

209 2562 389 2622 nacenses3
423 2538 582 2623 Doering,
621 2537 749 2622 tleiger,
781 2537 982 2619 Hirschfeld,
1012 2537 1193 2621 Kirchhoti,
1221 2536 1379 2614 Kncbler,
1426 2588 1428 2592 .

208 2647 345 2728 Laeson,
363 2647 401 2710 Ε.
420 2646 578 2728 Schmidt,
595 2630 627 2710 J.
646 2628 803 2727 Schmidt,
820 2646 977 2729 Wagner,
994 2642 1245 2727 Berolinenses3
1261 2643 1380 2730 Appel,

208 2733 405 2834 Baeumker,
434 2752 607 2844 Bohertag,
636 2754 801 2835 Foerster,
830 2750 1063 2833 Frendenthal,
1092 2751 1249 2834 Jiriczek,
1273 2750 1380 2830 Koch,

207 2861 311 2943 mou,
347 2840 463 2944 nrarx,
490 2860 526 2926 c.
555 2862 592 2925 1.
615 2861 668 2926 W.
697 2844 846 2941 iuuetur,
878 2859 1021 2942 noran,
1056 2858 1162 2932 Pola,
1197 2857 1379 2940 Rossbach,

210 2969 364 3048 Skutsch,
389 2970 486 3059 Vogt,
510 2968 647 3032 Zacher.
1149 3004 1153 3010 ι

237 3056 241 3061 ⁶
298 3075 553 3142 Seminariorum
588 3056 864 3162 philologicorum
886 3085 921 3138 ut
953 3073 1075 3138 sodalis
1113 3092 1222 3137 essem
1259 3071 1379 3149 Christ,

208 3184 264 3249 Iw.
289 3184 437 3266 Mueller,
466 3184 646 3267 Woelfflin,
681 3185 847 3266 Foerster,
886 3183 991 3264 Mam,
1020 3180 1202 3260 Rossbach,
1237 3179 1381 3243 Skutsch

209 3303 454 3357 concesserunt.
498 3291 674 3355 Praeterea
697 3291 737 3355 ad
763 3292 1014 3355 exercitationes
1038 3287 1304 3372 archaeologicas
1328 3310 1381 3350 me

208 3400 411 3464 admiserunt
432 3400 588 3464 Foerster
611 3409 643 3463 et
665 3398 856 3481 Rossbach,
888 3399 930 3463 ad
953 3397 1126 3461 historicas
1150 3394 1314 3465 Wilckcn,
1339 3394 1382 3457 ad

207 3510 413 3595 germanicas
430 3509 527 3592 Vogt,
552 3507 594 3571 ad
617 3506 863 3592 philosophicas
887 3505 1072 3569 Baeumker
1096 3512 1127 3567 61
1148 3500 1380 3566 Freudenthal.

298 3617 425 3698 Quibus
449 3617 530 3679 viris
555 3615 706 3680 omnibus
730 3601 867 3700 gratiam
883 3612 989 3677 habeo
1006 3614 1192 3687 maximam,
1216 3610 1380 3694 inprimis

207 3735 316 3789 autem
339 3725 524 3804 Foerstero,
551 3727 607 3810 qui
629 3724 706 3787 huic
730 3720 890 3808 opusculo
916 3718 1143 3806 componendo
1169 3739 1301 3803 operam
1326 3737 1380 3778 cu-

207 3855 342 3919 ramque
366 3832 556 3919 impendere
581 3853 644 3894 non
671 3830 777 3894 desiit.
