3334 5042
850 263 892 329 12

283 461 359 525 dem
382 459 464 526 locis
489 461 665 526 indicatur:
698 460 869 527 Strabonis
893 460 978 525 VIII
1003 459 1067 525 379
1102 467 1211 546 πτηνὸν
1234 466 1320 531 ίππυν
1344 468 1379 530 ἐκ
1401 475 1457 532 τοῦ

280 575 434 660 τραχήλου
479 581 535 638 τοῦ
581 573 741 654 Μεδούσης
787 573 991 636 ἀναπαλέντα
1025 575 1117 636 κατὰ·
1141 574 1197 653 τήν
1232 575 1456 662 Γοργοτομίαν;

284 674 517 761 „Apollodori“
543 674 689 740 biblioth.
717 675 750 739 II
773 677 804 758 4,
830 676 861 757 2,
886 675 906 739 9
936 679 1165 767 ἀποτμηθείσης
1185 681 1223 743 δὲ
1245 687 1300 762 τής
1323 683 1458 770 κεφαλῆς

281 788 316 850 ἐκ
338 794 394 867 τῆς
417 789 570 875 Γοργόνος
592 787 717 875 ἐξέθορε
745 781 800 864 (ef.
825 783 907 846 Hes.
933 782 1056 866 Theog.
1074 781 1154 861 281)
1177 787 1322 874 Πήγασος
1348 790 1458 869 πτηνὸς

250 894 366 971 ·ίππος
403 897 455 959 καὶ
488 896 652 982 Χρυσάωρ,
695 897 710 959 ό
742 896 895 981 Γηρυόνου
933 896 1032 981 πατήρ
1069 889 1165 973 (Hes,
1202 890 1328 975 Theog.
1366 890 1456 975 287),

280 1002 408 1078 τούτους
440 1004 477 1066 δὲ
505 1005 660 1087 ἐγέννησεν
685 1003 721 1065 ἐκ
742 1001 943 1077 Ποσειδῶνος.
992 996 1058 1076 Qui
1085 995 1179 1061 loeus
1210 1018 1364 1061 versuum
1389 997 1456 1060 He·

281 1104 467 1169 siodeorum
498 1103 672 1189 explicatio
703 1125 778 1168 esse
806 1103 946 1167 videtur.
995 1102 1103 1189 Atque
1135 1103 1220 1167 hane
1252 1106 1382 1168 omnino
1411 1103 1456 1168 bi·

281 1210 465 1275 bliothecae
499 1209 780 1296 „Apollod01·eae“
814 1212 972 1275 rationem
1010 1232 1084 1273 esse
1113 1220 1250 1274 constat.
1301 1210 1458 1275 Dilucida

281 1340 411 1404 quoque
447 1328 523 1381 sunt
558 1340 641 1403 quae
673 1342 690 1382 a
727 1317 865 1382 Tatiano
899 1317 941 1381 ad
971 1316 1119 1382 Graecos
1160 1319 1196 1381 11
1229 1317 1455 1403 proferuntur:

283 1432 338 1509 τήν
361 1431 499 1517 Γοργοῦς
521 1431 721 1517 καρατομίαν,
746 1438 802 1511 τής
825 1430 1016 1504 Ποσειδῶνος
1033 1430 1192 1517 ἐρωμένης,
1210 1427 1297 1518 ἀρ’ής
1312 1430 1458 1517 Πήγασος

281 1539 296 1601 ό
321 1537 406 1613 ἵππος
433 1540 485 1602 καὶ
507 1538 660 1627 Χρυσάωρ
690 1537 835 1625 ἀνέθορε.
885 1531 992 1597 Schol.
1018 1532 1112 1596 Pind.
1138 1530 1190 1595 Ol.
1215 1532 1302 1596 XIII
1326 1534 1369 1598 63
1391 1535 1455 1597 iam

280 1659 380 1724 supra
407 1637 453 1725 (p.
478 1640 513 1722 9)
550 1639 717 1705 laudatum
755 1651 814 1705 est.
862 1639 1036 1704 Addantur
1072 1639 1205 1725 quidam
1240 1639 1304 1704 loei
1336 1642 1456 1727 quibus

280 1745 416 1810 Nomius
441 1746 529 1811 haud
552 1750 597 1811 ita
621 1745 788 1833 eleganter
813 1748 854 1812 de
878 1747 999 1832 Pegasi
1023 1757 1095 1811 ortu
1120 1746 1211 1810 dicit:

368 1873 403 1957 ἧς
426 1876 471 1941 ἔτι
494 1879 683 1964 κυμαίνουσα
706 1885 807 1962 γοναῖς
831 1877 974 1963 ἐθλίβετο
998 1879 1116 1965 γαστήρ

368 1984 513 2070 Πήγασον
536 1986 696 2062 ὠδίνουσα,
721 1987 773 2048 καὶ
797 1983 907 2071 ἔγκυον
931 1984 1105 2071 ἀνθερεῶνα

369 2092 522 2179 Γοργόνος
544 2092 705 2156 Εἰλείθυια
730 2095 923 2179 μογοστόκος
946 2091 1064 2179 ἔθρισεν
1088 2093 1167 2179 ἅρπη

372 2199 495 2285 αὐχένος
517 2199 691 2264 ἱππυτόκυιυ
716 2198 866 2263 θαλύσιον

243 2402 247 2410 Ι
280 2318 430 2404 (Dionys.
467 2318 566 2383 XXV
601 2318 643 2383 39
684 2317 763 2404 sq.);
812 2314 932 2405 quibus
979 2318 1098 2383 similia
1137 2331 1214 2385 sunt
1254 2319 1368 2401 verba¹
1390 2320 1454 2387 loci

280 2422 429 2489 alterius:

370 2558 522 2644 Γοργόνος
545 2559 692 2621 ὠδίνοντα
714 2558 864 2645 διέθρισεν
888 2558 1071 2645 ἀνθερεῶνα,

369 2666 422 2728 καὶ
443 2667 590 2750 δρεπάνην
614 2665 734 2753 μοίνιξε,
759 2666 943 2753 δαῒζομένης
964 2667 1000 2729 δὲ
1024 2665 1185 2746 Μεδούσης

349 2772 528 2860 -αἱμοβαφή
550 2775 694 2860 παλάμην
719 2773 845 2861 όφιώδεϊ
865 2776 974 2837 λοῦσεν
998 2774 1088 2861 ἐέρση

370 2887 468 2966 κρᾶτα
490 2884 609 2968 ταμών·
635 2884 752 2969 χρυσέῳ
776 2882 812 2944 δὲ
837 2884 889 2944 σὺν
918 2879 987 2968 ἄορι
1014 2883 1111 2944 παῖδα
1138 2882 1270 2969 λοχεύων
1294 2877 1347 2960 (ef.
1374 2879 1453 2942 HeS.

281 2999 406 3085 Theog.
431 2999 509 3086 283)

369 3130 481 3211 ἱππείην
505 3132 650 3196 ἐτόκευσε
672 3134 763 3218 γονήν
786 3133 992 3218 διδυμήτόκος
1014 3133 1106 3219 αὐχήν

240 3341 243 3346 Ι
280 3249 429 3337 (Dionys,
454 3251 572 3317 XXXI
597 3253 638 3316 19
663 3251 725 3338 sq.)
735 3258 767 3337 ¹).
814 3254 969 3340 Denique
993 3253 1134 3318 Tzetzae
1162 3253 1254 3317 loeus
1279 3255 1452 3318 adiciatur:

278 3371 448 3451 καρατομεῒ
479 3367 515 3428 δὲ
550 3359 633 3444 (soil.
670 3359 815 3452 Περσεὺς)
855 3368 908 3446 την
937 3367 1107 3443 Μέδουσαν,
1141 3367 1176 3430 ἐκ
1210 3374 1265 3429 τοῦ
1298 3370 1453 3454 τραχήλου

278 3473 315 3535 δὲ
337 3471 453 3551 ταύτης
476 3472 550 3536 ὅτε
573 3474 717 3557 Πήγασος
747 3471 838 3549 οὗτος
865 3474 951 3550 ἵππος
979 3473 1112 3561 ἐξέθορε,
1142 3466 1308 3562 ὑπόπτερος
1337 3460 1376 3538 ὢν
1404 3477 1455 3539 καὶ

280 3580 484 3667 όΧρυοάωρ,
509 3578 670 3667 ἄνθρωπος
695 3589 822 3668 χρυσοῦν
851 3578 907 3667 ἀορ
938 3589 1057 3668 κρατῶν
1089 3574 1180 3662 (Hes,
1211 3574 1334 3662 Theog.
1365 3577 1452 3662 283).

280 3680 389 3767 Atque
419 3681 515 3766 paulo
544 3693 619 3768 post
646 3696 686 3778 τῇ
713 3690 750 3751 δὲ
785 3691 961 3776 καρατομίογ
994 3689 1107 3768 ἐκείνης
1141 3692 1176 3752 ἐκ
1210 3698 1265 3753 τού
1300 3692 1455 3777 τραχήλου

282 3794 362 3881 ὁρμή
385 3795 538 3882 Χρυσάωρ
563 3797 615 3859 καὶ
638 3795 781 3882 Πήγασος
805 3790 860 3875 (ad
884 3790 1048 3877 Lycophr.
1074 3790 1168 3855 Alex.
1196 3793 1259 3874 17).

371 3898 440 3960 Nec
464 3920 542 3961 vero
568 3897 683 3961 eadem
710 3908 786 3962 sunt
814 3900 1047 3984 perspicuitate
1082 3896 1145 3961 loci
1170 3901 1224 3985 qui
1261 3909 1454 3984 sequuntur:

279 4004 444 4090 Lycophr.
469 4004 565 4068 Alex.
591 4005 731 4092 842l43:

369 4136 569 4224 ἱπποβρότους
593 4139 701 4212 ὠδῖνας
724 4133 862 4212 οίξαντος
883 4138 983 4201 τόκων

368 4250 424 4324 τής
446 4245 637 4330 δειρόπαιδος
661 4246 895 4331 μαρμαρώπιδος
917 4247 1030 4331 γαλής,

282 4362 378 4427 Ovid.
404 4364 493 4428 Fast
520 4363 750 4451 111450sq.2

372 4560 392 4624 1)
414 4556 530 4612 Nonnus
549 4559 610 4626 plus
629 4559 716 4612 semel
734 4557 794 4630 ipse
812 4576 843 4612 se
862 4558 1001 4612 exscribit.
