3334 5042
863 1524 957 1588 De
1005 1522 1231 1586 fabulis
1278 1523 1354 1586 ad
1404 1521 1774 1586 Palladium
1810 1522 2155 1606 Trojanum
2204 1525 2641 1608 spectantibus
2687 1529 3024 1608 postquam

693 1632 765 1696 O.
799 1629 972 1694 Jahn
1023 1649 1080 1692 a.
1137 1626 1305 1693 1858
1355 1630 1608 1714 egregie
1655 1629 1951 1694 disseruit
1996 1629 2256 1708 (Annali
2304 1629 2445 1694 dell'
2490 1628 2801 1694 Instituto
2852 1630 3023 1695 1858

689 1760 745 1816 1]-
796 1736 923 1800 228
986 1735 1156 1820 sqq.)
1223 1755 1412 1798 nemo
1471 1736 1719 1799 exstitit
1776 1737 1886 1820 qui
1945 1736 2241 1820 explicite
2296 1740 2538 1819 ageret.
2644 1736 2767 1800 Res
2823 1737 3025 1821 igitur

689 1844 883 1923 *ligna
926 1842 1089 1905 mihi
1137 1841 1268 1904 visa
1317 1846 1413 1904 est
1458 1862 1621 1925 quae
1669 1842 1875 1905 denuo
1924 1842 2221 1904 universa
2266 1846 2675 1907 tractaretur.
2794 1843 3023 1926 Itaque

689 1949 898 2012 emnia
954 1952 1021 2012 et
1079 1946 1396 2010 artificum
1458 1967 1653 2029 opera
1706 1952 1771 2011 et
1824 1947 2208 2030 scriptorum
2265 1949 2638 2012 testimonia
2691 1949 2755 2010 in
2816 1971 3013 2011 unum

685 2055 895 2139 colligi
960 2053 1139 2118 haud
1193 2054 1374 2137 parvi
1429 2054 1740 2117 momenti
1797 2074 1928 2116 esse
1989 2052 2347 2118 arbitratus
2405 2075 2565 2131 sum,
2632 2074 2774 2116 cum
2827 2054 2894 2116 in
2949 2074 3018 2117 re

681 2168 813 2224 tam
857 2160 1176 2244 implicita
1223 2167 1289 2223 et
1333 2160 1605 2224 obscura
1649 2161 1854 2223 altera
1900 2159 2124 2223 alteris
2170 2159 2591 2225 illustrentur.

864 2266 1150 2331 Primum
1221 2272 1433 2330 autem
1501 2267 1656 2329 artis
1713 2273 2125 2329 monumenta
2177 2267 2257 2331 ad
2316 2272 2673 2350 temporum
2731 2266 3016 2332 ordinem

681 2375 1047 2438 enumeravi
1094 2378 1159 2437 et
1207 2361 1527 2438 enarravi..
1595 2371 1842 2436 Deinde
1888 2372 2011 2436 hoc
2056 2371 2471 2438 fundamento
2520 2373 2692 2434 nisus
2740 2395 2903 2456 quae
2950 2375 3015 2436 in

681 2482 909 2545 litteris
955 2479 1423 2562 antiquioribus
1473 2477 1746 2542 frustula
1787 2479 1865 2542 de
1899 2477 2164 2542 Palladii
2198 2478 2429 2543 fabulis
2463 2482 2723 2542 exstant
2756 2479 3015 2562 mytho-

681 2586 1200 2672 graphorumque
1247 2587 1478 2649 aetatis
1523 2586 1778 2650 infimae
1829 2569 2228 2649 narrationes
2275 2583 2521 2648 contuli
2567 2589 2764 2667 atque
2811 2586 3017 2649 varias

681 2691 882 2776 mythi
939 2693 1260 2757 versiones
1318 2692 1650 2756 restituere
1720 2697 1986 2756 conatus
2055 2713 2217 2756 sum.
2335 2690 2409 2753 Iu
2482 2692 2671 2755 tertia
2740 2693 3014 2776 denique

681 2800 1140 2863 dissertationis
1193 2803 1375 2880 parte
1432 2820 1561 2882 quo
1619 2800 1805 2863 modo
1862 2804 2053 2863 natus
2110 2799 2197 2862 sit
2253 2802 2317 2862 et
2363 2798 2707 2862 increverit
2758 2798 3015 2882 mythus

685 2907 960 2970 breviter
1007 2905 1293 2989 exposui.
