3334 5042
685 444 896 513 ..85-

211 639 295 725 (cll
313 640 400 725 171)
420 638 586 726 Buzygani
607 643 786 724 quemdam,
808 644 866 727 qui
881 640 975 709 Jovic
990 650 1058 709 erat
1073 640 1229 723 sacerdos,
1246 638 1375 710 novum

212 746 416 812 simulauium
437 747 575 813 Palladis
596 750 661 813 suis
682 750 834 832 impensis
857 773 896 815 ex
911 752 1038 817 oraculo
1061 752 1126 817 deis
1148 750 1182 817 et
1204 752 1276 822 urbi
1298 749 1374 817 cos*

212 875 361 932 secrasseJ
390 876 428 920 ex
451 877 518 940 quo
540 856 688 938 conjicias
710 856 856 942 Buzyges
879 856 1016 922 Palladis
1044 879 1171 942 quoque
1190 858 1373 925 sacerdotes

212 959 318 1026 fuisse
353 961 502 1027 Concinit
523 963 668 1026 narratio
689 964 776 1047 apud
799 962 993 1047 Polyaenum
1018 966 1038 1029 l.
1054 988 1081 1031 c.
1103 966 1261 1031 servata
1253 986 1376 1048 mque

213 1067 403 1153 Demophon
425 1069 603 1134 Palladium
626 1069 725 1133 tradit
752 1065 840 1153 ἀνδρὶ
863 1065 1011 1155 Ἀθηναίῳ
1039 1070 1229 1177 redemtam
1237 1070 1373 1218 BooCer
1484 1078 1486 1081 ’

212 1172 600 1262 κομιΐειν1Αθῆναζε.·
832 1226 835 1232 .

302 1278 369 1345 Si'
357 1284 422 1365 Jain
446 1302 485 1345 ea
508 1280 745 1365 complectimur
773 1302 855 1366 qnae
883 1302 921 1346 ex
950 1282 1001 1347 his
1028 1246 1222 1349 testimoniis
1242 1222 1374 1350 ducent

212 1386 356 1451 ridemus
378 1386 505 1452 Jovem
515 1394 548 1451 et
573 1387 747 1477 Minervam
771 1407 836 1453 una
862 1388 903 1451 in
927 1388 1003 1453 fano
1025 1390 1129 1454 cultos
1157 1388 1260 1454 inisse
1290 1391 1375 1474 apud

215 1492 300 1574 quod
329 1468 482 1557 tribunal
506 1491 687 1557 habebatur
721 1472 763 1561 de
787 1494 1047 1569 interfectoribus
1082 1491 1240 1599 insciist.
1271 1486 1380 1572 Quem·

214 1598 341 1679 quidem
365 1598 431 1664 cult
416 1603 486 1664 tum
508 1599 664 1663 remota
654 1620 689 1662 in
713 1599 908 1683 antiquitate
931 1602 1094 1666 exstitisse
1116 1622 1156 1663 ex
1179 1600 1378 1666 contexione

212 1725 289 1769 cum
304 1704 424 1787 J'ndicio
448 1711 545 1789 atque
569 1722 609 1769 ex
628 1725 671 1769 eo
686 1710 829 1789 apparet,
853 1709 938 1789 quod
955 1707 1166 1772 secerdotium
1184 1708 1375 1773 hereditario

159 1825 164 1832 ’
208 1811 281 1892 J'ure
296 1727 614 1897 lluzygarumgentis
629 1806 965 1893 antiquissimaeerat.
987 1804 1375 1919 Hujusigiturljlinervae

212 1917 373 1983 simulacri
397 1919 487 2004 origo
511 1941 530 1982 a
552 1917 648 2001 Troja
670 1919 882 2002 repetebatur.
1303 1978 1306 1982 .
1373 1935 1378 1942 ·

303 2022 350 2089 De
381 2025 448 2089 situ
487 2027 575 2108 ejus
595 2024 697 2108 saepti
735 2023 818 2087 nihil
851 2026 930 2089 certi
964 2022 1097 2108 proferri
1131 2029 1254 2109 potest,
1303 2044 1376 2091 com

213 2151 371 2213 perpauca
404 2134 531 2196 tantum
570 2131 608 2195 de
656 2131 716 2195 hoc
758 2135 888 2195 exstent
921 2131 1104 2196 testimonia
1147 2153 1265 2215 eaque·
1292 2133 1376 2199 inter

213 2257 246 2299 se
286 2237 511 2321 discrepantia.
534 2269 548 2279 ><
572 2236 696 2301 Etenim
739 2258 784 2302 ex
822 2237 1019 2303 Phanodcmi
1060 2240 1250 2305 narratione
1278 2240 1377 2323 (vide
1430 2266 1433 2275 ’

212 2364 307 2427 snpra
343 2344 420 2408 sub·
445 2364 496 2408 no.
538 2341 573 2428 2)
612 2343 734 2409 elucere
777 2345 907 2408 uidetur
948 2343 1126 2409 Palladium
1167 2344 1295 2410 Phaleri
1330 2361 1378 2411 -ac
1422 2347 1424 2352 ’

212 2448 281 2513 looo
326 2449 397 2534 ipso
445 2472 509 2534 quo
553 2450 640 2514 inter
681 2449 881 2534 Argivorum⁴
922 2452 1078 2527 cadavera
1123 2457 1298 2536 repertum
1328 2457 1377 2517 est

213 2561 429 2635 consecratum
464 2555 563 2619 fnisse
599 2553 771 2640 (ἱδρύσαντο
809 2554 893 2641 παρὰ
927 2559 967 2643 τῇ
995 2553 1110 2645 Ἀθηνᾷ
1143 2558 1180 2642 τῇ
1218 2554 1379 2644 Φαληροῖ).-

214 2660 328 2726 Pollux
343 2668 450 2740 autem
466 2668 617 2745 (quocum
633 2662 814 2748 Hesychius
830 2684 855 2727 s.
873 2688 903 2728 v.
930 2664 1105 2747 consentit)
1121 2663 1215 2729 addit
1228 2665 1375 2749 Argivos,

213 2774 381 2851 postquam
417 2768 534 2853 sepulti
568 2774 652 2848 sunt,
688 2791 728 2833 ex
750 2770 881 2835 oraculo
908 2764 1056 2851 Ἀγνῶτες
1081 2788 1152 2836 esse
1184 2769 1375 2854 appellatos,

214 2876 322 2957 ibique
361 2871 495 2960 (αὐτόθι)
532 2874 707 2940 Palladium
744 2874 927 2941 dedicatum
964 2896 1044 2941 csse.
1099 2876 1207 2942 ¹Valde
1246 2878 1288 2942 ab
1325 2877 1378 2942 his

213 2981 384 3047 abhorrent
410 2982 584 3047 Pausanias
623 2988 656 3048 et
682 2983 791 3049 anecd
817 2982 999 3075 ›Bekkcris
1017 3005 1090 3048 enm
1121 2983 1376 3068 Demophontem

214 3109 284 3152 cnm
296 3087 436 3155 Palladio
452 3111 546 3153 curru
563 3085 699 3154 Phalera
709 3090 756 3154 ad
767 3089 880 3154 urbem
895 3088 1014 3173 fugisse
1029 3091 1171 3167 tradant;
1190 3090 1377 3175 quibuscum

214 3195 403 3278 conspirant
418 3217 500 3280 quaa
518 3194 741 3261 exOlitodemo
753 3196 839 3279 apud
852 3194 936 3260 Plnt.
953 3196 1049 3262 Thes.
1062 3197 1105 3263 27
1117 3197 1310 3275 referuntur,
1323 3198 1377 3261 uhi

213 3300 378 3367 Palladion
387 3323 453 3368 una
462 3324 534 3368 cum
541 3303 678 3371 Ardetto
689 3306 722 3367 et
734 3301 831 3388 Lycio
843 3303 1034 3383 nominatur,
1048 3325 1088 3369 ex
1100 3324 1164 3387 qno
1174 3304 1379 3388 conjecerunt

215 3440 426 3457 -w-b———uu—

286 3524 307 3591 ¹)
324 3522 382 3578 vid.
402 3520 620 3589 Preller-Rohert,
639 3520 672 3577 d.
690 3521 725 3576 Μ.
744 3521 765 3590 Ι,
784 3520 845 3590 131,
859 3521 975 3593 lttsq„
993 3523 1049 3579 150,
1061 3521 1139 3578 adm:
1168 3521 1272 3592 Jupiter
1290 3520 1380 3575 nina·

214 3630 295 3671 συνος,
316 3611 432 3682 τιμωρός,
451 3612 584 3681 ἀλάστωρ,
609 3612 701 3682 ἱκέτης,
721 3611 870 3681 καθάρσιος
896 3611 1040 3683 -μειλίχως,
1066 3610 1102 3665 ad
1126 3610 1202 3682 cujus
1219 3626 1294 3667 aram
1312 3609 1379 3669 'lhe-

214 3715 277 3755 saus
303 3705 368 3770 post
394 3700 559 3770 praedonum
586 3698 695 3755 caedem
723 3714 740 3752 a
766 3696 916 3771 Phytalidis
939 3698 1037 3754 lustt
983 3702 1069 3755 tratas
1092 3702 1141 3755 est.
1178 3699 1267 3769 Atque
1285 3697 1379 3757 eodem

214 3789 294 3844 modo
318 3787 392 3843 loris
416 3791 456 3843 ἐπὶ
482 3787 616 3863 Παλλαδίῳ
643 3785 730 3841 cuitus
755 3785 830 3840 haud
857 3785 937 3841 dubie
964 3804 981 3842 a
1008 3786 1218 3863 Demophonte
1234 3786 1387 3865 postquam)

214 3878 334 3932 eaedis’
326 3878 427 3932 insciae
450 3876 605 3949 purificatus
623 3879 671 3942 est,
695 3873 859 3930 constitutus
878 3891 938 3931 esse
957 3873 1158 3931 ferebaturoe-
1178 3875 1219 3930 De
1234 3872 1380 3953 necessita

214 3966 276 4020 dine
304 3982 373 4035 quae
391 3958 503 4021 Athenis
530 3966 599 4023 inter
626 3963 772 4019 Minervam
798 3962 826 4017 et
853 3962 940 4032 legum
968 3964 1117 4019 custodiam
1141 3963 1220 4019 fuerit
1240 3968 1325 4036 etque
1343 3965 1378 4020 de

215 4053 408 4109 Minariacum
421 4054 504 4109 Areo
509 4069 580 4125 pago
602 4054 724 4108 connexa
744 4050 885 4108 Starkerus
903 4052 947 4117 (de
966 4052 1207 4126 nomophylacibus
1219 4053 1273 4108 ath
1292 4068 1319 4126 p
1333 4054 1379 4115 16)

214 4142 421 4212 disputavit-
440 4141 516 4197 loris
534 4144 624 4197 autem
642 4144 669 4196 et
680 4140 814 4196 Minervae
827 4140 927 4195 cultum
945 4141 1017 4212 apud
1030 4141 1207 4197 Athenienses
1220 4141 1378 4242 saepissime

214 4230 385 4302 conjunctum
404 4228 486 4285 fuisse
506 4228 635 4323 omnibus
649 4234 696 4285 not
697 4224 748 4285 uin.
823 4232 826 4239 ’

1024 4304 1302 4389 'se'
