3334 5042
809 454 1028 524 ,34-

426 648 506 715 Cum
528 650 568 715 ad
583 651 751 736 scriptores
766 653 913 731 redimus,
937 651 1032 736 plane
1046 649 1125 715 nihil
1141 651 1227 735 apud
1241 672 1295 716 eos
1309 649 1443 736 legimus
1458 650 1498 715 de

339 758 461 823 dnobus
482 756 635 822 Palladiis
658 779 679 822 a
700 758 854 824 Diomede
882 763 914 822 et
938 756 1030 821 Vlixe
1059 758 1175 842 ereptis
1207 759 1269 821 nisi
1295 756 1373 822 haee
1400 758 1500 822 verba

337 863 525 929 brevissima
558 885 639 948 quae
671 866 755 929 inter
777 886 850 929 suas
876 885 978 947 nugas
1011 862 1086 928 feeit
1108 863 1295 928 Ptolemaeus
1319 864 1499 949 Ηῳίιααοιο

339 972 436 1053 (apud
456 969 550 1035 Phoe
566 993 597 1054 p.
616 971 678 1036 148
695 968 825 1055 Burbu:
851 971 919 1055 περὶ
942 971 994 1032 τοῦ
1009 968 1190 1045 Παλλαδίου,
1213 969 1260 1032 ὅτι
1281 967 1335 1031 δύο
1357 969 1498 1053 κλέφειαν

337 1073 486 1163 Διορόηδης
505 1077 554 1138 καὶ
576 1072 745 1154 ’θδοσσεύςς
773 1078 950 1161 exquibus
984 1076 1066 1141 illud
1099 1082 1228 1141 tantum
1259 1078 1380 1154 elicias,
1417 1077 1498 1140 bano

337 1183 541 1248 inditionem
562 1183 736 1248 Ptolemaei
760 1184 958 1267 temporibus
981 1182 1049 1247 fare
1070 1183 1104 1247 in
1127 1182 1319 1247 oblivionem
1343 1184 1477 1248 venisse.

344 1317 362 1353 η
427 1289 475 1354 De
501 1290 724 1375 Demophonte
752 1287 928 1354 Palladium
963 1290 1130 1354 obtinente
1165 1290 1261 1354 etiam
1292 1289 1380 1353 aliud
1408 1291 1499 1354 testi-

338 1397 482 1464 monium
514 1398 549 1461 in
587 1394 702 1461 litteris
737 1401 840 1460 exstat
881 1396 964 1479 apud
1015 1394 1211 1459 Clementem
1247 1394 1499 1459 Alexandrinum

338 1499 458 1587 (Protr.
481 1499 528 1566 IV
550 1497 609 1584 47)
643 1503 699 1585 qui
731 1522 765 1567 se
799 1523 856 1566 sua
889 1522 927 1565 ex
956 1501 1107 1587 Dionysio
1135 1499 1168 1563 έν
1191 1500 1317 1585 πέμπτῳ
1334 1498 1424 1585 μέρει
1446 1501 1499 1561 τοῦ

338 1605 446 1670 κύκλου
465 1607 608 1671 hausisse
631 1607 784 1672 affirmat:
809 1652 817 1668 .
841 1652 849 1671 .
873 1605 907 1669 τδ
922 1603 1094 1670 Παλλάδιον
1109 1608 1142 1669 τδ
1157 1605 1293 1676 διοπετὲς
1306 1604 1497 1690 καλούμενον,

339 1711 363 1774 δ’
378 1709 528 1800 Διομήδης
558 1711 606 1773 καὶ
633 1709 790 1780 Ὀδυσσεὺς
821 1712 1006 1798 ἱστοροῦνται
1036 1712 1093 1797 μὲν
1127 1711 1291 1796 ὑφελέσθαι
1323 1711 1382 1775 ἀπὸ
1410 1708 1499 1785 Ἰλίου,

340 1815 611 1904 παρακαταθέσθαι
633 1815 669 1879 δὲ
692 1816 880 1904 Δημοφῶντι.
927 1818 1122 1894 Quibuscum
1145 1818 1185 1883 ef.
1210 1818 1363 1903 Polyaeni
1386 1819 1497 1884 verba:

341 1923 493 2011 Δημοφῶν
515 1923 599 2009 παρὰ
621 1922 786 2010 Διομήδους
807 1924 841 1986 τδ
864 1921 903 1986 Π.
926 1921 1186 2011 παρακαταθήκην
1208 1923 1312 2006 λαβών
1336 1975 1343 1987 .
1369 1973 1377 1990 .
1404 1975 1411 1989 .
1436 1924 1499 1989 Sed

340 2030 526 2116 diligentius
549 2031 587 2095 da
609 2031 669 2095 hoe
691 2032 875 2096 testimonio
898 2030 983 2095 infra
1006 2031 1185 2116 disputabo.

426 2242 634 2309 Athenienses
656 2264 689 2307 se
711 2241 890 2309 Palladium
905 2244 1080 2328 Troianum
1097 2243 1253 2328 aeeepisse
1269 2245 1497 2325 gloriabantur,

340 2350 389 2419 uel
416 2352 520 2435 potius
546 2350 670 2434 antiqui
704 2351 868 2434 eujusdam
901 2350 1033 2434 palladii
1067 2351 1150 2432 quod
1185 2351 1218 2413 in
1245 2351 1387 2432 ipsorum
1420 2350 1499 2415 urbe

338 2458 444 2527 uasat
466 2456 621 2542 originem
642 2462 773 2522 remota,
787 2459 856 2541 jam
880 2459 914 2521 in
930 2458 1125 2540 antiquitate
1147 2479 1167 2520 a
1181 2455 1274 2541 Troja
1289 2460 1497 2541 repetierunt.

339 2563 535 2628 Fiotiouibus
553 2563 755 2646 perlustratis
775 2565 890 2649 quibus
905 2565 939 2628 id
956 2564 1099 2631 Athenas
1113 2565 1293 2647 pervenisse
1308 2566 1499 2628 narrabatur

335 2672 413 2755 jam»
439 2670 478 2734 de
510 2668 572 2735 hoe
604 2671 674 2753 ipso
707 2669 849 2735 Palladio
883 2691 1033 2755 quaeram
1067 2675 1164 2754 atque
1198 2670 1237 2734 de
1271 2670 1360 2734 uultu
1389 2672 1443 2752 qui
1470 2670 1497 2733 ei

328 2776 558 2842 'adhibebaturt

300 2877 303 2881 ’
427 2881 569 2967 Ephetae
601 2904 675 2947 eum
708 2884 747 2948 de
781 2884 875 2948 caede
912 2883 1012 2949 inscia
1042 2884 1230 2969 judicabant
1261 2884 1353 2967 juxta
1387 2882 1501 2969 fanum,

338 2991 454 3056 sedisse
481 2991 515 3054 in
530 3010 593 3072 quo
609 2990 736 3075 signum
751 2988 922 3075 Trojanum
937 2991 1130 3056 servabatur
1156 3011 1253 3074 supra
1268 2992 1412 3054 vidimus.
1458 2988 1496 3051 In

338 3098 434 3162 titulo
446 3101 553 3162 autern
564 3097 599 3159 in
610 3116 674 3179 quo
686 3097 875 3162 exhibentur
887 3098 1026 3162 rationes
1040 3099 1245 3181 pecuniarum
1257 3116 1286 3160 a.
1299 3098 1365 3161 433
1377 3132 1419 3143 -
1430 3095 1496 3161 423

340 3203 381 3269 ad
403 3201 482 3268 belli
503 3224 578 3268 usus
602 3224 620 3269 e
644 3204 773 3268 deorum
795 3203 951 3268 thesauris
966 3209 1178 3288 sumpturum,
1203 3206 1321 3268 mentio
1337 3204 1498 3268 invenitur

339 3306 501 3396 Ἀθηναίας
535 3306 583 3371 ἐπὶ
615 3305 794 3392 Παλλαδίῳ,
829 3310 914 3391 quod
948 3330 1065 3374 nomen
1099 3332 1196 3395 supra
1229 3310 1352 3394 plenius
1381 3310 1498 3394 legitur

339 3411 518 3504 Ἀθ]ηναίατ
541 3414 589 3478 ἐπὶ
611 3412 775 3499 Παλλαδίῳ
796 3412 998 3503 Δηριον[ειΊῳ.
1044 3415 1129 3498 (ClA
1153 3417 1168 3479 I
1192 3417 1256 3481 273
1281 3413 1347 3497 el).
1384 3451 1423 3460 -
1459 3413 1497 3477 ln

337 3523 409 3588 aliis
431 3521 534 3587 titulis
557 3519 637 3588 Ζεὺς
656 3520 704 3585 ἐπὶ
726 3518 891 3605 Παλλαδίῳ
913 3525 1098 3588 nominatur
1120 3526 1211 3607 eujus
1226 3521 1371 3586 sacerdos
1386 3521 1497 3584 sellam

338 3628 504 3695 obtinebat
537 3629 570 3693 in
603 3630 730 3694 theatro
762 3627 879 3694 Baoehi
906 3627 999 3708 (cll
1029 3629 1181 3695 111273:
1212 3624 1365 3707 Βουζύγου
1392 3623 1501 3711 ἱερέως

340 3734 410 3804 Διὸς
430 3735 463 3799 ἐν
483 3731 655 3818 Παλλαδίῳ.
700 3734 778 3799 ΟΙΑ
802 3734 820 3798 Ι
843 3735 902 3799 71:
931 3732 1043 3823 ίερ]εδς
1064 3736 1116 3796 τοῦ
1140 3732 1208 3801 Διὸς
1229 3734 1281 3794 τοῦ
1307 3732 1355 3795 ἐπὶ
1377 3729 1495 3795 Παλλα-

339 3840 403 3905 δίου
419 3840 465 3927 ..)
498 3841 535 3905 ln
549 3842 653 3926 primo
668 3848 776 3905 autem
790 3839 888 3906 titulo
903 3840 983 3905 illud
1006 3862 1131 3906 sacrum
1148 3840 1309 3905 Minervae
1324 3839 1497 3925 significari

335 3952 430 4035 juxta
453 3948 538 4030 quod
550 3947 706 4031 judicium
720 3947 899 4012 habebatur
913 3947 1122 4012 manifestum
1137 3949 1200 4023 est3
1222 3951 1321 4030 atque
1335 3946 1446 4013 Jovem
1462 3947 1497 4009 in

339 4056 449 4120 eodem
470 4053 548 4117 sano
571 4073 637 4118 una
659 4074 731 4118 oum
758 4052 823 4116 fflia
852 4054 973 4117 cultum
995 4054 1090 4119 fuisse
1112 4054 1250 4138 primum
1284 4075 1322 4118 ex
1346 4053 1496 4138 epitheta,
1571 4145 1574 4151 .
1662 4070 1663 4105 ³

338 4161 451 4230 deiude
474 4180 571 4224 exeo
595 4159 698 4224 elucet
721 4160 806 4241 quod
830 4160 898 4244 ejus
921 4163 1102 4227 sacerdotes
1124 4158 1319 4225 hereditario
1339 4162 1409 4244 jure
1432 4159 1496 4223 Bu-

338 4288 438 4354 zygae
475 4269 576 4330 erant.
632 4265 787 4329 Disoimus
821 4267 905 4331 enim
940 4289 957 4331 e
994 4268 1089 4332 titulo
1121 4288 1218 4351 supra
1251 4270 1496 4331 commemorato
