3334 5042
863 378 897 431 26

304 555 485 631 Polydectes
501 575 518 614 a
536 555 648 613 Perseo
671 555 703 613 in
717 555 853 631 lapidem
874 573 1036 614 conversus
1052 556 1204 632 Gorgonis
1220 557 1327 632 capite.
1355 555 1446 614 Anth.

303 655 364 716 Pal.
388 656 434 716 III
459 658 507 716 11.

697 791 899 849 Monumenta
922 799 1051 852 servata.

714 930 791 989 Vasa
811 929 893 1002 picto
910 929 959 1004 dp.
981 931 1040 1003 trip.

405 1070 431 1125 l.
447 1065 601 1141 Amphora
623 1065 688 1123 eins
708 1063 829 1141 generis
855 1063 939 1140 quod
965 1057 1125 1146 ‘affektiert
1153 1048 1351 1138 tyrrhenisch’
1375 1063 1447 1121 olim

304 1167 456 1225 vocabant
478 1166 530 1224 viri
551 1161 665 1240 doctil,
688 1167 738 1225 ed.
764 1164 843 1225 Mus.
864 1163 956 1242 Greg.
977 1164 1008 1222 11
1030 1167 1079 1225 31.
1104 1167 1133 1225 2.

385 1268 434 1327 Ab
464 1267 588 1325 homine
615 1267 646 1324 in
667 1266 739 1325 sella
773 1265 902 1324 sedente
936 1268 978 1324 ad
1012 1267 1042 1323 d.
1067 1266 1197 1324 discedit
1227 1267 1269 1323 vir
1301 1266 1445 1324 barbatus

301 1368 415 1426 lacerto
428 1368 457 1428 d.
474 1369 587 1442 cibisin‚
604 1385 696 1427 manu
709 1387 733 1428 s.
747 1369 919 1427 caduceum
935 1386 1053 1442 gerens.
1088 1369 1137 1429 Ab
1153 1367 1248 1426 altera
1269 1375 1357 1443 parte
1380 1367 1443 1424 viro

302 1470 421 1528 sedenti
443 1469 669 1547 appropinquat
689 1470 733 1527 vir
754 1470 854 1528 alatus
877 1477 1024 1546 quattuor
1045 1470 1108 1530 alis.
1146 1469 1311 1527 Praeterea
1332 1469 1444 1526 adsunt

302 1571 365 1628 duo
388 1571 441 1628 viri
461 1570 571 1628 tunicis
592 1569 691 1647 longis
707 1571 819 1632 vestiti.
864 1570 972 1628 Similis
994 1579 1040 1629 est
1062 1570 1184 1629 alterius
1204 1570 1298 1648 partis
1312 1568 1439 1645 pictura.

402 1674 430 1731 2.
443 1673 661 1748 Fragmentum
677 1673 708 1730 in
718 1690 787 1731 arce
799 1672 990 1732 Athenarum
1000 1680 1160 1748 repertum,
1175 1674 1225 1731 ed.
1240 1657 1356 1746 Ἐφημ.
1369 1665 1439 1746 ἀρχ.

305 1775 384 1834 1885
408 1774 470 1834 tab.
493 1776 522 1833 5.
545 1773 583 1834 ci.
607 1773 646 1833 A.
667 1774 692 1852 J.
715 1772 773 1831 VH
793 1794 822 1850 p.
846 1776 886 1834 37
906 1770 968 1835 ss.².

400 1875 530 1934 Perseus
562 1874 722 1949 chlamyde
751 1875 883 1952 crepidis
917 1875 1003 1933 alatis
1038 1874 1163 1932 vestitus
1196 1875 1227 1931 in
1247 1891 1318 1931 arae
1346 1875 1444 1951 gradu

302 1986 362 2037 stat
387 1978 429 2034 ad
451 1979 481 2038 d.
505 1995 676 2057 conversus,
710 1995 801 2037 manu
824 1998 847 2038 e.
868 1996 943 2055 prae
974 1995 1007 2035 se
1029 1987 1137 2035 tenens
1162 1995 1305 2053 magnam
1329 1978 1443 2045 cibisin,

302 2097 319 2135 e
356 2095 417 2159 qua
447 2080 599 2155 prominet
622 2078 770 2139 Medusae
800 2089 892 2155 caput
918 2077 1049 2140 rubrum.
1095 2077 1194 2138 Persei
1223 2088 1314 2155 caput
1343 2082 1440 2140 deest.

304 2180 499 2258 Adscriptum
519 2190 581 2242 est:
612 2176 736 2244 Pon05
762 2176 927 2245 Kfiohvfi
941 2205 976 2231 =
986 2175 1217 2260 <Γο>ρ[ο]γοῡς
1231 2178 1366 2257 κεφαλή.
1378 2184 1442 2253 As.

302 2281 345 2339 vir
359 2282 506 2341 barbatus
524 2285 567 2341 ad
582 2284 612 2344 d.
635 2300 797 2343 conversus
816 2284 905 2342 sedet
920 2291 1041 2358 sceptro
1056 2283 1175 2341 iunixus
1194 2284 1296 2358 capite
1311 2284 1441 2356 reflex03

300 2389 371 2458 post
392 2399 463 2441 eum
492 2384 568 2441 alter
588 2385 718 2443 sedebat
739 2385 841 2455 homo,
870 2385 955 2443 cuius
976 2401 1057 2459 genu
1084 2403 1107 2444 s.
1131 2379 1256 2456 restat;'
1274 2384 1364 2462 tertii,
1387 2386 1438 2461 qui

270 2484 408 2562 ·stabat‚
439 2502 546 2544 manus
569 2502 590 2542 s.
621 2485 725 2545 relicta
749 2494 802 2546 est.
849 2485 888 2546 D.
917 2486 1009 2543 homo
1040 2486 1177 2563 sedebat,
1213 2485 1296 2544 cuius
1321 2485 1440 2543 cubitus

298 2604 320 2645 s.
343 2585 534 2661 agnoscitur.

710 2726 788 2786 Vasa
808 2728 888 2800 pieta
907 2726 957 2800 fio.
980 2726 1050 2789 rub.
1103 2740 1106 2747 ·

403 2861 429 2918 3.
452 2859 578 2919 Cratera
591 2878 702 2937 magna
717 2878 793 2920 mus.
806 2859 983 2927 Biscariaui,
998 2861 1049 2920 ed.
1066 2853 1300 2917 D'Hancarville
1315 2857 1359 2915 IV
1374 2861 1443 2932 128,

304 2958 399 3018 Mihin
421 2960 515 3036 peint.
538 2962 578 3019 de
601 2979 689 3020 vases
709 2962 736 3020 ΙΙ
759 2964 787 3027 3,
807 2965 826 3019 4
850 2959 901 3037 (cf.
915 2960 1055 3019 Reinach
1077 2979 1105 3036 p.
1122 2956 1174 3036 45)
1199 2958 1235 3019 G.
1251 2959 1292 3020 M.
1308 2962 1356 3029 95,
1378 2962 1448 3038 347,

300 3059 464 3137 Inghirami
487 3080 547 3122 vas.
571 3062 625 3122 fitt.
649 3063 698 3132 70,
722 3062 771 3123 71'.

401 3162 526 3222 Perseus
548 3182 640 3222 manu
662 3184 685 3223 S.
707 3164 855 3222 Medusae
878 3172 970 3241 caput
992 3165 1102 3223 tollens
1124 3165 1157 3224 d.
1178 3164 1311 3221 demissa
1334 3162 1441 3221 falcem

299 3272 408 3320 tenens
424 3274 516 3339 eaput
527 3266 568 3323 ad
583 3284 606 3323 s.
628 3273 808 3324 convertens
820 3266 1005 3340 colloquitur
1020 3283 1089 3323 cum
1105 3264 1251 3324 Minerva.
1271 3263 1347 3323 Post
1361 3264 1440 3322 hanc

300 3365 331 3421 in
353 3383 386 3422 re
408 3367 542 3440 quadam
563 3367 642 3424 saxis
664 3367 788 3424 rudibus
808 3376 968 3425 constante
992 3385 1070 3442 quae
1092 3384 1193 3441 paene
1215 3383 1287 3422 arae
1310 3366 1439 3424 formam

301 3467 428 3541 praebet
446 3468 552 3525 mulier
566 3470 655 3526 sedet
667 3468 844 3526 diademate
857 3477 973 3528 omata.
1008 3467 1039 3526 Si
1063 3469 1169 3525 sedern
1192 3468 1273 3524 illam
1288 3468 1442 3542 appellare

301 3584 384 3625 aram
405 3568 485 3643 licet,
508 3577 591 3626 certe
612 3569 722 3628 Danae
745 3570 826 3645 picta
850 3580 905 3643 est,
929 3580 1012 3644 'quae
1034 3578 1067 3626 ut
1088 3568 1261 3643 Polydectis
1283 3568 1440 3627 libidinem

300 3669 374 3726 vitet
405 3671 447 3726 ad
476 3687 559 3727 aram
585 3669 739 3746 ,confugit
783 3671 831 3729 Ab
855 3673 951 3729 altera
975 3670 1075 3728 Persei
1097 3680 1184 3746 parte
1205 3668 1388 3744 Polydectes
1410 3671 1441 3726 in

299 3769 373 3828 sella
401 3771 512 3828 sedens
533 3773 708 3846 perterritus
731 3772 930 3847 Gorgoneum
952 3773 1099 3848 adspicit;
1129 3782 1199 3847 post
1222 3789 1292 3830 eum
1321 3771 1435 3829 iuvenis

300 3872 410 3929 baculo
431 3872 575 3931 innititur.
607 3874 644 3931 ln
665 3875 761 3932 altera
777 3876 854 3932 vasis
875 3883 961 3950 parte
986 3876 1066 3932 duae
1083 3874 1244 3951 Gorgones
1269 3874 1310 3930 ad
1325 3893 1348 3933 s,
1373 3890 1438 3931 cur·

300 3980 380 4052 runt,
403 3991 530 4049 quarum
551 3976 641 4051 priori
662 3977 778 4050 mulier,
801 3978 886 4035 alteri
908 3975 1067 4052 Neptunus
1090 3977 1211 4035 obviam
1234 3976 1368 4034 veniunt.

399 4155 587 4224 ¹Duemm1er,
610 4175 687 4211 roem.
716 4159 785 4209 Mitt.
813 4159 840 4207 H
867 4174 893 4223 p.
913 4157 965 4209 184
994 4174 1052 4209 eam
1084 4158 1203 4224 appellat
1228 4160 1332 4210 atticam
1360 4159 1445 4209 causis

300 4261 353 4295 non
372 4245 464 4298 allatis.

398 4330 410 4367 2
428 4336 457 4386 P.
477 4334 651 4383 Kretschmer
668 4335 686 4385 l.
707 4351 729 4386 c.
749 4341 819 4385 recte
833 4335 975 4403 explicavit
988 4351 1107 4385 scaenam
1126 4336 1231 4402 pictam,
1251 4350 1309 4385 cnm
1323 4336 1438 4385 Tsuntas

300 4423 451 4494 agnovisset
471 4426 598 4475 Perseum
618 4423 650 4475 ad
670 4423 802 4493 Cepheum
821 4424 1025 4493 pervenientem.
1142 4432 1143 4435 ’
