3334 5042
771 430 992 497 ..35-

298 625 331 700 id
353 627 461 712 petius
475 628 523 694 ad
545 624 673 697 Ilissum
700 646 737 692 ac
770 625 906 693 fortasse
939 648 1038 711 prope
1065 626 1106 692 ad
1133 624 1340 711 Delphininm
1366 625 1465 690 situm

299 732 407 810 fuisse,
432 734 518 818 quod
540 754 671 818 magnas
694 754 765 799 cum
789 731 936 799 Palladio
959 733 1185 798 similitudines
1210 728 1352 818 habet¹).

307 866 326 883 2
387 837 509 917 Quodsi
530 840 629 925 igitur
662 839 704 906 de
734 840 798 905 situ
831 837 944 924 templi
977 860 1042 924 quo
1076 838 1256 905 Palladium
1289 838 1463 925 'lbojanum

299 945 436 1016 Athenis
451 947 677 1013 continebatur
700 946 781 1011 nihil
804 951 965 1031 procerte
981 946 1087 1011 dicere
1108 946 1195 1024 licet,
1219 946 1317 1011 etiam
1340 947 1379 1011 de
1394 947 1464 1032 ejus

298 1051 383 1147 festo
406 1055 607 1139 conjecturae
628 1057 756 1118 tantum
777 1053 915 1138 proferri
938 1057 1083 1137 possunt

386 1159 494 1245 Atque
515 1159 654 1244 primum
676 1160 784 1224 neseio
807 1180 849 1224 an
874 1160 913 1223 A.
930 1157 1154 1225 ,Mommsenus
1177 1158 1303 1242 (Heort.
1328 1181 1359 1241 p.
1382 1156 1463 1243 429)
1500 1202 1504 1208 -

294 1265 372 1350 jure¹
390 1266 563 1351 conjecerit
585 1265 668 1330 diem
689 1248 943 1333 anniversarium
975 1264 1087 1349 templi
1115 1264 1255 1329 Palladii
1276 1266 1310 1329 in
1332 1265 1365 1328 id
1388 1265 1464 1330 anni

297 1375 425 1455 tenpus
461 1372 609 1437 incidisse
647 1393 711 1455 quo
744 1371 840 1457 Troja
877 1376 974 1456 cepta
1013 1392 1082 1436 esse
1115 1370 1288 1449 ferebatur,
1325 1371 1347 1436 i.
1376 1393 1402 1434 ο.
1430 1373 1464 1436 in

297 1474 408 1569 όγδόην
428 1477 480 1550 vel
502 1475 634 1564 ἑβδόμην
657 1474 818 1562 φθίνοντος
844 1475 1055 1563 Θαργηλιῶνος
1073 1475 1178 1564 μηνός,
1207 1478 1324 1560 quibus
1354 1478 1464 1543 diebus

299 1583 437 1655 Athenis
460 1583 627 1668 Plynteria
649 1582 903 1650 celebrabantur.
998 1656 1000 1659 ,

223 1759 227 1765 ,
305 1741 308 1751 .
384 1690 482 1776 Apud
497 1690 649 1757 Photium
671 1690 785 1756 deinde
807 1689 959 1774 leguntur
981 1690 1061 1754 haec
1084 1685 1123 1774 (s.
1139 1712 1169 1756 v.
1193 1686 1412 1773 νομοφύλακες)
1436 1688 1464 1750 οἱ

228 1838 230 1842 »
298 1793 334 1865 δὲ
367 1795 574 1882 νομοφύλακες
605 1842 613 1859 .
638 1841 677 1858 ..
713 1795 823 1881 καλιῇ
857 1792 994 1858 Παλλάδι
1017 1794 1071 1882 την
1094 1794 1213 1882 πομπὴν
1234 1791 1389 1879 ἐκόσμουν,
1411 1794 1464 1858 ὅτε
1516 1811 1520 1817 ’

297 1900 444 1986 κομίζοιτο
456 1902 489 1966 τὸ
506 1899 615 1973 ξόανον
626 1899 674 1964 ἐπὶ
690 1900 744 1988 τὴν
758 1897 931 1978 Miaccum
943 1902 1132 1987 quibuscum
1144 1902 1230 1968 conf.
1242 1902 1296 1967 lex
1314 1899 1462 1968 cantabr.

297 2030 323 2080 s.
347 2032 377 2075 v.
402 2015 435 2075 et
457 2007 622 2075 Pollucem
645 2006 732 2072 VIII
754 2008 798 2072 94
820 2008 876 2091 qui
898 2029 937 2072 ex
960 2008 1070 2073 eodem
1091 2013 1220 2075 audere
1242 2030 1299 2073 sua
1321 2031 1462 2095 sumpse-

298 2109 419 2198 runi²).
459 2114 524 2181 Vix
546 2116 695 2180 dubitant
717 2121 824 2180 antem
858 2114 1004 2180 homines
1038 2115 1124 2180 docti
1158 2114 1236 2199 quin
1260 2136 1333 2179 cum
1355 2113 1463 2181 Photii

298 2221 404 2304 glossa
424 2221 597 2286 nonnullae
631 2223 858 2306 inscriptiones
892 2219 1063 2306 ephebicae
1090 2221 1331 2306 conjungendae
1359 2222 1463 2288 sinte

250 2396 252 2399 ,
297 2326 414 2411 quibus
457 2327 562 2412 plura.
592 2328 631 2392 de
669 2327 730 2394 hac
767 2350 885 2412 pompe
920 2328 1151 2412 comperimus:
1198 2326 1270 2392 cm
1316 2328 1349 2393 ΙΙ
1382 2328 1461 2392 469:

298 2431 501 2520 ουνεξηγαγον
523 2430 559 2497 δὲ
592 2430 649 2520 (sc.
674 2433 804 2518 ephebi)
837 2433 885 2498 καὶ
919 2432 971 2521 τὴν
993 2431 1140 2496 Παλλάδα
1167 2431 1305 2520 Φαληροῖ
1323 2431 1464 2496 κάιεῖδεν

297 2539 387 2615 πάλιν
402 2537 621 2627 ὀυνειοὴγάγον
650 2537 730 2622 μετὰ
758 2540 869 2625 φωτός.
905 2577 947 2589 -
984 2538 1053 2605 CIA
1078 2540 1111 2605 II
1139 2540 1226 2605 470:
1261 2538 1463 2626 οννεξηγαγον

296 2643 332 2716 δὲ
346 2645 403 2708 καὶ
425 2645 479 2734 γὴν
500 2642 648 2708 Παλλάδα
665 2643 746 2729 μετὰ
770 2648 830 2710 τῶν
853 2648 1003 2733 γεννητῶν
1024 2644 1075 2708 καὶ
1098 2645 1182 2708 πάλιν
1205 2644 1366 2734 εὶοηγάγον
1382 2646 1463 2731 μετὰ

297 2751 396 2841 πάσης
414 2749 581 2837 elamitae.
626 2751 856 2828 01A11471.

304 2869 328 2929 .“
383 2858 437 2926 Ad
460 2859 548 2944 quod
569 2881 644 2927 vero
666 2859 807 2927 Palladis
835 2850 944 2930 ξόανον
967 2859 1048 2925 haec
1078 2859 1264 2924 testimonia
1293 2859 1462 2926 referenda

296 2966 364 3035 siut
377 2964 483 3033 adhuc
503 2966 588 3032 inter
599 2968 683 3033 viros
699 2968 809 3034 doctos
824 2966 956 3032 minime
967 2969 1108 3044 constat,
1126 2987 1198 3030 cum
1212 2964 1268 3030 alii
1284 2965 1460 3032 Minervam

294 3071 459 3142 Roliadem
467 3079 566 3157 atque
574 3071 769 3160 Plynteriu)
781 3075 848 3141 sive
860 3070 1119 3158 Oschophoria⁴)‚
1136 3069 1422 3139 aliiiPullcdinme
1433 3069 1459 3157 ⁵)

294 3180 513 3265 intellegenda
547 3201 617 3247 esse
633 3242 635 3248 .
654 3182 919 3247 existimaverint.
975 3180 1081 3264 Atque
1105 3178 1344 3262 Plyntericrnm
1376 3179 1460 3245 festo

294 3307 447 3372 pompam
463 3288 634 3371 ,quandam
655 3287 777 3354 factam
803 3309 873 3353 esse
900 3286 1035 3351 Photins
1058 3283 1247 3372 (ηγηνηοία),
1282 3286 1460 3370 Hesychius

294 3392 336 3480 (s.
359 3391 414 3478 n),
450 3394 556 3479 Etym.
581 3393 623 3458 M.
647 3418 679 3479 p.
703 3393 823 3472 418‚49
859 3394 990 3469 docent3
1028 3427 1067 3438 -
1103 3392 1161 3456 sed
1193 3391 1236 3458 ad
1268 3413 1355 3458 mare
1388 3413 1459 3456 eam

295 3501 468 3566 deductam.
499 3520 572 3566 esse
601 3500 732 3566 minime
767 3504 904 3576 constat,
943 3520 1016 3563 cum
1036 3518 1133 3582 quae
1166 3498 1206 3561 A.
1242 3498 1459 3563 Mommsenus

305 3716 333 3739 '⁹⁵
347 3736 349 3739 '
365 3730 385 3799 ¹)
404 3727 646 3798 Gi.·Wachsmuth‚
663 3729 697 3785 D.
717 3728 794 3785 Stadt
812 3727 933 3784 Atheni
951 3726 1003 3783 393
1009 3743 1050 3798 sq.
1087 3726 1122 3782 Et
1139 3726 1212 3796 apud
1226 3725 1401 3797 Delphinium
1416 3726 1458 3798 ju·

293 3806 390 3872 dicium
413 3821 472 3873 erat
495 3818 568 3889 quod
581 3818 733 3874 instituisse
751 3816 871 3873 Theseus
889 3815 1036 3872 dicebatur.
1072 3815 1114 3880 De
1131 3814 1273 3870 Glitodemi
1297 3815 1357 3871 loco
1376 3832 1458 3886 supra

294 3909 503 3961 commemorato
521 3907 583 3962 uid.v
593 3906 734 3975 Wachsm.‚
757 3905 791 3962 D.
804 3906 843 3962 st.
856 3906 888 3961 Α.
907 3904 920 3960 Ι
937 3903 990 3960 447
996 3921 1037 3975 sq.
1069 3903 1204 3972 Duncker,
1223 3902 1255 3959 G.
1273 3901 1300 3957 d.
1316 3904 1348 3959 Α.
1361 3903 1381 3958 V
1395 3903 1456 3959 454.

364 3995 385 4063 ’i
404 3993 522 4064 starker,
540 3995 575 4051 de
592 3995 834 4068 nomophylacibus
852 3993 908 4049 ath.
935 3994 1021 4050 B'resl.
1040 3994 1118 4049 1880.
1138 3994 1237 4064 18sqq.

317 4071 342 4094 ²²
362 4083 385 4150 ³]
403 4084 561 4150 Mommsen,
578 4083 670 4139 Heort.
689 4083 807 4155 li9sqq.
844 4080 954 4138 Starlror
971 4082 988 4139 1.
1003 4098 1026 4137 c.
1063 4080 1196 4153 Toepffer,
1215 4083 1269 4138 au.
1289 4079 1354 4136 Gen.
1375 4081 1434 4136 135.

360 4173 384 4240 '⁴1
399 4168 598 4244 Ἡιλῐοολοοῖξοο,
616 4171 650 4227 de
668 4172 731 4243 oph‘.
750 4174 797 4227 att.
817 4173 860 4227 63.
899 4169 1026 4240 Dumont
1044 4169 1177 4241 l’ephdbie
1195 4168 1385 4241 altique,'283.

363 4262 384 4330 ⁸)
402 4261 538 4330 Peterem,
556 4261 635 4317 Festa
654 4258 680 4319 d.
698 4260 788 4315 Pallas
808 4260 850 4315 12.
893 4258 974 4328 Jahn,
992 4257 1026 4315 de
1045 4260 1127 4332 antiq.
1146 4259 1181 4317 u
1200 4258 1287 4315 simul.
1306 4260 1353 4314 att.
1373 4259 1455 4329 ilsq.
