3334 5042
768 395 987 458 ...54-

300 597 337 654 ut
364 591 477 674 TroJae
511 590 631 654 exitum
664 588 866 654 describeret.
921 589 1013 666 Quod
1048 594 1083 652 ut
1108 588 1227 653 ‘melius
1262 592 1458 672 proponatur

301 696 509 763 Cassandram
526 719 564 761 ex
579 696 743 781 inopinate
766 696 800 759 in
828 697 954 779 epilogo
977 702 1072 779 poeta
1093 697 1126 759 in
1139 716 1286 758 scaenam
1303 693 1456 777 producit.

301 804 404 868 Media
441 808 534 868 nocte
572 803 702 867 somniis
740 802 854 867 divinis
893 804 1032 866 excitata
1069 801 1197 884 Trojam
1236 799 1347 864 salutis
1384 821 1458 862 suae

301 911 433 995 pignore
449 910 590 973 orbatam
608 914 639 972 et
654 931 739 973 nunc
754 909 929 993 perituram
945 931 1010 972 esse
1026 909 1125 971 sensit
1140 913 1236 990 atque
1249 908 1341 970 domo
1354 908 1459 989 erupit

301 1016 403 1080 facem
428 1016 553 1080 vibrans
588 1016 701 1098 deique
729 1014 834 1099 plena.
883 1015 934 1078 Ad
962 1014 1108 1078 Hectoris
1131 1010 1175 1100 (Ρ)
1199 1014 1358 1077 tumulum
1387 1034 1458 1096 pro·

301 1127 394 1206 perat
429 1145 492 1199 vae,
530 1144 584 1185 vae
619 1123 770 1200 olamans,
806 1122 862 1185 ubi
897 1122 971 1184 dum
1006 1121 1072 1203 ejus
1100 1121 1198 1184 verba
1221 1119 1352 1192 Helena,
1384 1119 1460 1182 Dio·
1542 1200 1546 1207 .

301 1231 415 1306 medes,
439 1228 547 1291 Vlixes
570 1229 645 1292 laeti
667 1229 838 1313 excipiunt,
863 1227 901 1291 de
925 1228 1069 1311 proximo
1093 1226 1204 1309 Trojae
1221 1226 1351 1289 interitu
1376 1225 1459 1288 voci·

302 1337 360 1398 bus
386 1335 571 1417 interruptis
599 1330 836 1417 vaticinatur¹).
861 1371 903 1378 —
933 1333 1011 1397 Cum
1046 1333 1107 1397 hoc
1142 1334 1179 1396 de
1214 1333 1310 1396 rebus
1345 1331 1460 1395 futuris

303 1442 450 1505 vaticinio
489 1442 611 1525 tragico
649 1444 758 1524 partes
798 1442 941 1504 conferas
979 1442 1074 1504 velim
1120 1462 1197 1523 quas
1242 1439 1276 1502 in
1311 1437 1460 1520 Aeschyli

305 1547 543 1633 Agamemnone
565 1547 703 1630 suscepit
726 1547 835 1611 eadem
858 1546 1033 1611 Cassandra
1041 1543 1077 1631 2).

393 1723 490 1788 Vides
533 1747 596 1807 quo
639 1727 732 1789 modo
776 1723 946 1808 Sophocles
988 1724 1119 1788 Iliadem
1154 1746 1283 1807 parvam
1322 1725 1355 1787 in
1396 1746 1461 1788 rem

305 1853 394 1895 suam
419 1830 607 1894 adhibuerit.
654 1829 769 1895 Omnia
796 1852 834 1895 ex
861 1830 978 1894 Lesoha
1007 1833 1071 1893 lere
1105 1832 1276 1893 immutata
1303 1829 1464 1894 fluxerunt

304 1960 384 2021 qnae
430 1938 468 2000 ad
515 1937 617 2021 ipsum
663 1936 796 2001 Palladii
846 1944 973 2021 raptum
1023 1936 1201 2020 pertinent3
1251 1957 1328 1999 nam
1380 1936 1463 2019 apud

304 2049 474 2126 utrumque
498 2048 624 2127 poetam
648 2042 818 2108 Diomedes
848 2044 934 2127 prior
960 2045 998 2107 ad
1024 2042 1176 2126 templum
1200 2044 1344 2126 pervenit
1367 2043 1463 2105 simu·

303 2149 489 2233 laetumque
512 2146 662 2233 aufert³);
697 2148 839 2214 Palladio
867 2154 959 2233 rapto
989 2149 1085 2213 etiam
1119 2151 1220 2213 rixam
1247 2149 1286 2212 ab
1313 2149 1464 2213 heroibus

304 2261 479 2320 consertam
517 2261 613 2341 poeta
651 2257 791 2341 tragicus
829 2257 980 2333 servavit,
1021 2258 1069 2320 ita
1108 2263 1215 2321 tamen
1254 2261 1290 2319 ut
1329 2278 1396 2318 eam
1430 2255 1462 2317 iu

279 2350 393 2440 'urba
429 2384 500 2426 cum
529 2385 566 2425 ex
593 2384 665 2426 arce
693 2363 832 2426 redirent
858 2368 1009 2445 raptores,
1047 2367 1187 2427 exortam
1222 2385 1286 2426 esse
1309 2366 1461 2426 narraret.

305 2469 438 2534 Theano
462 2490 482 2533 a
504 2468 659 2553 Sophocle
681 2469 783 2553 primo
807 2490 879 2533 cum
895 2468 1031 2533 Palladii
1054 2477 1147 2553 raptu
1170 2471 1371 2553 conjunctam
1397 2488 1463 2530 esse

305 2576 468 2660 probabile
491 2598 554 2640 non
580 2576 716 2652 videtur,
743 2578 931 2659 praesertim
955 2598 1025 2640 cunr
1049 2578 1176 2640 minime
1204 2575 1346 2658 intellegi
1368 2574 1466 2659 possit

306 2704 363 2746 eur
396 2688 489 2766 poeta
523 2683 582 2746 hoc
616 2681 739 2746 feeerit.
784 2680 898 2766 Itaque
921 2683 1057 2747 libenter
1080 2683 1204 2747 credam
1223 2684 1289 2767 jam
1311 2682 1345 2746 in
1368 2702 1465 2764 parva

306 2787 404 2852 Iliade
428 2788 559 2853 Theano
590 2784 712 2872 aliquas
739 2790 773 2852 in
800 2788 947 2853 Palladio
971 2789 1124 2873 rapiendo
1152 2796 1257 2874 partes
1285 2788 1464 2872 suscepisse.

308 2894 465 2959 Helenam
487 2899 600 2959 contra
623 2916 643 2959 a
666 2893 822 2980 Sophocle
845 2897 947 2978 primo
975 2897 1007 2959 in
1030 2894 1167 2960 Palladii
1197 2896 1342 2980 mythum
1365 2896 1466 2957 intro-

309 3003 435 3066 ductam
460 3021 524 3065 esse
549 3023 587 3065 ex
611 3003 762 3086 expositis
785 3004 908 3067 elucere
936 3003 1015 3066 mihi
1037 3003 1171 3066 videtur.
1217 3002 1314 3066 Poeta
1336 3000 1468 3066 Palladii

309 3113 435 3192 raptum
459 3106 684 3192 aliquomodo
708 3132 779 3173 cum
802 3107 857 3172 illo
880 3104 1080 3173 celeberrimo
1103 3107 1204 3171 Vlixis
1228 3106 1366 3173 facinore
1391 3130 1467 3172 con-

221 3208 223 3213 ’
309 3215 421 3292 texuit,
445 3216 529 3299 quod
555 3213 687 3301 πτωχεία
709 3217 892 3293 vocabatur,
918 3251 960 3261 -
976 3216 1010 3278 ni
1033 3214 1137 3293 fallor,
1161 3220 1199 3279 ut
1218 3213 1348 3279 fabulae
1372 3236 1468 3298 argn-

311 3326 452 3384 mentnm
475 3327 614 3406 augeret.

399 3496 478 3562 Cum
509 3500 575 3582 jam
609 3501 694 3583 apud
729 3499 918 3583 Sophoclem
956 3499 1080 3563 Helena
1116 3498 1249 3563 Palladii
1287 3499 1469 3583 raptoribus

311 3604 428 3668 faverit
442 3610 540 3689 atque
552 3604 663 3670 Vlixes
678 3606 795 3689 primas
810 3610 918 3690 partes
931 3607 1032 3689 egisse
1043 3607 1198 3683 videatur,
1215 3606 1384 3669 nonnullos
1396 3626 1470 3668 mox

385 3781 404 3848 ¹)
423 3779 463 3836 ef.
484 3781 619 3853 Odysseae
637 3798 740 3836 versum
759 3781 794 3836 IV
812 3782 864 3837 259
884 3782 930 3837 ubi
947 3780 1052 3837 Helena
1069 3782 1144 3836 dicit:
1163 3781 1219 3835 ἔνθ’
1238 3779 1311 3834 ἄλλαι
1324 3778 1407 3853 Τρῳαὶ
1423 3781 1470 3851 λίγ’

312 3870 435 3922 ἐκώκυον·
453 3870 536 3940 αὐτὰρ
554 3871 614 3935 ἐμὸν
632 3878 680 3942 κῆρ
695 3875 701 3939 1
716 3876 801 3943 χαῖρε.

384 3958 407 4027 ²)
425 3957 512 4012 Aliam
534 3958 603 4012 viam
625 3959 765 4028 Euripides
783 3959 919 4029 ingressus
936 3961 978 4014 est
1001 3958 1029 4013 in
1046 3958 1157 4014 Hecuba
1179 3960 1207 4013 et
1223 3958 1381 4026 Troadibus,
1412 3974 1471 4012 curn

312 4046 370 4116 ipse
389 4046 485 4116 Trojae
503 4046 636 4101 interitum
653 4050 856 4116 repraesentare
874 4047 963 4102 vellet.

383 4138 405 4202 ⁸)
419 4135 458 4189 llx
472 4151 505 4189 eo
518 4133 629 4190 efficitur
642 4139 671 4190 ut
683 4135 821 4206 dijudicari
831 4152 885 4191 non
897 4135 983 4205 possit
992 4138 1078 4189 utrum
1088 4139 1252 4207 Anaqpptom
1265 4135 1405 4203 Spartanam
1416 4136 1472 4203 (19)

314 4225 347 4285 ad
366 4223 477 4278 iliadem
494 4240 605 4301 parvam
623 4241 658 4284 an
676 4223 711 4278 ad
729 4223 849 4283 fabulam
868 4223 1045 4300 Sophocleam
1062 4223 1230 4281 referendum
1248 4223 1290 4280 sit.
