3334 5042
794 495 837 506 ..
883 459 1015 560 22¹-

321 657 500 723 discrimine
520 655 741 741 explicandum
764 657 828 730 est3
859 653 984 718 nullum
1007 658 1092 718 certe
1115 656 1218 716 exstat
1246 656 1487 715 monumentum

320 763 354 827 in
389 785 452 848 quo
475 763 586 828 Vlixes
609 762 736 848 signum
764 784 780 824 e
808 760 927 845 templo
961 761 1074 845 rapiat.
1106 795 1146 806 -
1176 757 1209 821 Si
1243 761 1327 821 recte
1360 757 1422 821 hoc
1453 778 1486 819 se

320 870 419 936 habet
441 870 522 935 nihil
539 870 606 953 jam
621 869 727 933 obstat
743 869 913 950 quominus
930 866 1040 935 ambae
1054 864 1183 930 tabulae
1199 861 1329 948 (quibus
1340 862 1486 928 addenda
1575 938 1578 942 λ

320 982 367 1042 est
382 977 536 1062 amphora
557 976 617 1039 sub
640 996 690 1039 ne.
708 975 728 1039 6
752 969 924 1058 descripta)
947 975 987 1037 ad
1011 972 1143 1036 eandem
1166 970 1294 1035 fabulae
1311 971 1486 1034 versionem

320 1083 498 1148 referantur
525 1084 559 1146 iu
587 1103 651 1166 qua
678 1080 801 1144 Helena
824 1079 962 1144 Palladii
975 1077 1167 1162 ,raptoribus
1201 1076 1324 1142 faverit.
1352 1113 1397 1121 -—
1424 1074 1484 1139 Sed

321 1190 420 1255 etiam¹
443 1186 600 1255 eumalio
623 1187 749 1251 vasculo
772 1186 849 1251 haee
872 1187 1000 1269 pictura
1022 1183 1161 1250 conferri
1183 1188 1301 1269 potest,
1332 1182 1486 1267 amphora

268 1305 269 1308 ’
320 1297 420 1361 musei
443 1294 654 1359 Berolinensis
677 1293 733 1377 (7),
756 1293 790 1356 in
815 1312 880 1376 qua
901 1293 969 1375 ipsa
985 1312 1111 1376 quoque
1130 1291 1310 1375 sepulcrum
1327 1290 1486 1372 depictum

320 1407 377 1467 est.
424 1400 623 1485 Quamquam
647 1400 728 1464 enim
754 1398 847 1463 valde
874 1398 958 1463 inter
985 1420 1019 1463 se
1042 1397 1194 1463 differunt
1216 1398 1373 1482 picturae,
1402 1397 1486 1460 idem

319 1507 452 1573 fortasse
487 1508 629 1571 tumulus
661 1506 696 1569 in
724 1510 861 1589 utraque
891 1504 1081 1569 delineatur.
1137 1504 1216 1569 Inde
1250 1504 1414 1587 conjiciam
1441 1538 1485 1548 -

319 1615 374 1680 sed
398 1613 584 1678 dubitanter
617 1616 744 1677 tantum
768 1648 821 1688 -,
847 1612 1011 1675 mulierem
1034 1611 1199 1695 lugentem
1226 1611 1352 1674 tabulae
1376 1631 1484 1673 vascu-

319 1720 418 1787 latiae
442 1718 648 1784 Cassandram
674 1741 740 1783 esse
763 1713 1034 1802 appellandam¹).

410 1932 461 1996 17.
496 1931 534 1995 In
562 1953 685 1995 eamme
708 1931 850 1996 Romano
879 1929 999 1995 Galbae
1034 1931 1136 2014 capite
1163 1930 1289 2013 signato
1323 1929 1444 2010 (Cohsn
1470 1926 1484 1991 Ι

147 2072 150 2080 ·
240 2114 243 2121 ,
318 2063 351 2124 p.
368 2039 431 2104 245
456 2059 507 2103 no.
524 2035 613 2118 243),
638 2035 737 2102 Vesta
759 2038 870 2102 sedens
894 2036 1071 2112 exhibetur,
1096 2037 1126 2102 d.
1148 2039 1298 2120 protenta
1318 2037 1485 2119 parvulum

318 2147 445 2231 signum
471 2143 634 2208 Minervae
669 2150 811 2209 armatae
844 2144 961 2223 ferens,
997 2144 1080 2227 quod
1108 2142 1288 2207 Palladium
1311 2142 1484 2224 Trojanum

206 2318 207 2321 ,
319 2273 385 2317 esse
413 2274 429 2315 e
457 2252 651 2333 scriptorum·
674 2252 865 2316 testimoniis
892 2251 1057 2315 discemus.
1116 2249 1172 2313 Est
1204 2250 1255 2314 hic
1283 2269 1485 2311 nummorum

320 2356 537 2422 Romanorum
566 2358 621 2441 qui
644 2357 823 2422 Palladium
844 2361 1031 2421 >monstrant
1053 2356 1307 2439 antiquissimus;
1335 2378 1375 2419 an
1399 2359 1484 2418 recte

322 2465 407 2528 enim
430 2462 599 2528 Eokhelius
622 2462 746 2549 (Doctr.
763 2463 805 2530 N.
830 2462 877 2526 VI
902 2460 979 2545 150)
1006 2454 1171 2526 nummum
1194 2482 1326 2525 aeneum
1350 2460 1484 2525 Pietatis

320 2570 422 2654 capite
445 2574 595 2634 ornatum
612 2568 808 2653 Vestamque
824 2591 897 2634 cum
914 2569 1056 2633 Palladio
1080 2569 1281 2633 exhibentem
1294 2569 1361 2651 jam
1377 2567 1484 2631 Liviae

319 2676 519 2761 temporibus
562 2697 672 2740 cusum
716 2698 782 2740 esse
822 2676 1050 2740 existimaverit
1091 2674 1265 2758 dijudicare
1314 2670 1483 2758 neque02).

258 2808 270 2826 ·
319 2783 400 2848 Inde
434 2803 454 2847 a
488 2781 607 2848 Galbae
634 2782 830 2866 temporibus
865 2782 1042 2846 Palladium
1076 2781 1246 2864 TroJanum
1287 2781 1425 2864 saepius
1450 2782 1482 2843 in

320 2891 457 2954 nummis
480 2889 681 2972 conspicitur.
717 2887 911 2972 Plerumque
933 2887 1067 2953 aVesta
1089 2889 1227 2964 sedente,
1252 2907 1482 2970 nonnunquam

391 3049 411 3114 ¹)
430 3042 471 3100 ad
490 3044 605 3100 Palladii
622 3047 728 3114 raptum
746 3045 878 3115 pertinere
897 3062 951 3100 non
969 3046 1071 3100 videtur
1090 3047 1176 3099 altera
1198 3045 1302 3114 pictura
1320 3044 1485 3113 Pompejana

320 3134 396 3203 (llus.
416 3134 496 3189 Borb.
516 3133 554 3187 lX
571 3134 614 3200 33,
642 3134 721 3189 Arch.
741 3133 805 3189 Zeit.
824 3134 872 3188 Vll
891 3137 910 3188 t.
930 3135 954 3201 7,
973 3133 1110 3190 Overbeck
1129 3134 1219 3200 3012)
1247 3133 1298 3189 etsi
1321 3133 1355 3187 ad
1380 3132 1483 3186 Dianae

319 3221 449 3277 Tauricae
467 3225 573 3291 raptum
592 3238 651 3276 eam
668 3222 836 3278 referendam
854 3239 914 3277 esse
936 3223 1000 3276 mihi
1024 3222 1130 3292 quidem
1149 3222 1312 3291 persuadere
1331 3221 1484 3278 Gerhardus
1516 3256 1519 3267 .

320 3312 409 3379 (Arch.
429 3310 456 3365 Z.
475 3310 493 3365 l.
512 3310 547 3379 o)
566 3327 620 3365 non
640 3311 734 3380 potuit.
771 3311 881 3366 Femina
899 3312 971 3366 vittis
989 3315 1016 3366 et
1034 3327 1134 3365 corona
1152 3315 1247 3365 ornata
1271 3311 1298 3366 in
1317 3312 1404 3365 medio
1423 3327 1484 3363 con·

320 3400 429 3470 spiritur
447 3398 570 3454 adstante
588 3399 720 3470 utrimque
740 3400 975 3477 juveneyimberbi
1002 3399 1050 3470 (f.
1069 3401 1106 3469 6).
1152 3400 1244 3454 Mulier
1268 3401 1387 3454 hermam
1411 3402 1484 3453 tenet

247 3561 251 3568 ι
320 3504 389 3560 quae
408 3492 489 3558 caput
501 3487 637 3542 Minervae
655 3488 789 3558 galeatum
808 3488 897 3543 habet.
926 3489 1075 3559 Quodquod
1094 3493 1277 3560 argumentum
1296 3492 1350 3555 est,
1372 3490 1484 3556 apparet

320 3594 354 3633 ex
373 3577 453 3632 anxia
471 3577 626 3649 symmetria
643 3594 744 3631 meram
763 3594 822 3632 esse
841 3578 983 3648 figurarum
996 3580 1216 3648 compositionem
1235 3578 1292 3632 sine
1305 3577 1359 3630 ulla
1371 3576 1482 3630 actione.

320 3664 361 3721 Gi.
379 3665 485 3736 Helbig,
505 3665 599 3735 Gamp.
618 3665 762 3720 Wandmal
783 3682 827 3724 no.
848 3667 949 3722 1336b.
987 3666 1140 3723 Gerhardus
1157 3669 1216 3738 jure
1233 3683 1293 3720 cum
1311 3665 1362 3718 hac
1380 3664 1484 3733 pictura

320 3770 452 3825 gemmam
471 3754 642 3825 conjunxisse
669 3754 733 3808 mihi
760 3755 864 3810 videtur
890 3756 969 3823 (Mus.
992 3756 1063 3811 Flor.
1086 3758 1111 3810 ll
1134 3759 1176 3822 31,
1194 3760 1216 3808 1,
1254 3756 1332 3807 Arch.
1351 3751 1416 3806 Zeit.
1436 3752 1482 3805 Vll

320 3847 339 3897 t.
359 3842 388 3911 7)
406 3843 433 3897 in
452 3860 506 3914 qua
524 3843 618 3898 mulier
638 3843 726 3898 velata
743 3848 806 3899 ante
823 3844 952 3914 templum
971 3845 1055 3911 sedet,
1073 3844 1091 3898 l.
1110 3843 1266 3908 Palladium,
1290 3840 1315 3895 d.
1336 3840 1421 3894 facem
1440 3841 1483 3895 de·

1645 678 1661 766 ‚l

1658 3644 1661 3755 l

320 3931 430 3986 missam
459 3935 584 3988 tenens·
607 3933 705 3987 Astant
727 3933 806 3987 iidem
823 3933 935 4003 juvenes
953 3933 1086 3987 imberbes
1105 3935 1132 3985 et
1144 3930 1228 3984 hastis
1241 3929 1372 3984 instructi.
1395 3929 1483 3983 Etiam
1568 3932 1571 3936 “
1658 3997 1661 4012 Ι

320 4036 403 4089 parva
430 4020 514 4091 ligura
541 4021 731 4090 (sacerdotisl)
759 4022 786 4076 in
813 4025 891 4091 parte
913 4020 1061 4090 posteriore
1085 4020 1253 4088 conspicitur.
1290 4017 1388 4072 Nescio
1407 4036 1441 4072 an
1460 4019 1482 4071 is

319 4111 393 4163 recte
420 4108 516 4163 viderit
537 4110 583 4180 qui
602 4109 714 4164 Vestam
731 4109 881 4164 Palladium
903 4108 1033 4163 ferentem
1057 4125 1110 4162 una
1132 4124 1191 4161 cum
1210 4107 1347 4161 Dioscuris
1366 4107 1482 4174 (Penati-

295 4267 299 4273 ι
321 4196 382 4264 bus)
402 4196 548 4267 agnoverit.
584 4196 626 4253 cf.
645 4213 768 4252 nummos
786 4197 922 4251 Romanos
941 4196 987 4267 qui
1004 4196 1074 4251 infra
1092 4195 1282 4251 describentur.

393 4286 413 4356 ¹)
432 4284 473 4341 cf.
493 4285 590 4342 Annali
608 4285 634 4342 d.
653 4286 717 4344 Inst.
738 4287 806 4342 1850
823 4302 850 4355 p.
870 4286 929 4340 201.
