3334 5042
641 395 840 464 -9-

160 616 353 679 quamquam
365 593 425 658 hac
440 601 543 659 aetate
559 596 598 660 dc
613 618 650 658 ea
665 615 700 660 re
713 594 925 659 dubitationes
937 600 1040 659 motae
1052 600 1126 658 suut
1138 613 1276 677 magnae
1286 588 1320 675 ¹).

160 699 246 776 Quae
273 701 432 766 sententia
467 702 493 765 si
521 707 607 766 recte
641 722 675 769 sc
703 702 812 780 habet,
848 723 914 766 non
941 702 1051 766 dubito
1086 700 1163 783 quin
1194 699 1321 784 juvenis

162 806 331 872 Diomedes
352 808 561 873 nominandus
584 808 640 884 sit3
663 809 781 893 pileum
804 809 943 872 enimin
967 808 1165 872 vasculorum
1188 805 1322 889 (lampa-

158 935 272 978 norum
306 915 439 999 picturis
465 914 574 980 multis
602 913 753 981 heroibus
787 915 970 980 indistincte
1003 914 1101 980 tribui
1128 919 1240 977 notum
1263 918 1320 977 est.

158 1019 271 1085 Taenia
287 1026 394 1087 tamen
410 1024 485 1105 quid
503 1021 563 1086 sibi
581 1022 658 1086 velit
673 1043 768 1106 quam
784 1022 896 1098 dextra
911 1028 1000 1086 tenet
1025 1021 1153 1085 minime
1170 1025 1321 1104 apparet3

160 1127 276 1210 vixque
309 1135 395 1193 recte
430 1152 461 1192 se
496 1130 617 1194 hahent
644 1150 724 1214 quae
755 1128 940 1193 Welckerus
974 1136 1006 1194 ct
1034 1126 1251 1193 Ouerbeckius
1284 1127 1322 1191 de
1357 1194 1360 1199 ,

161 1233 227 1317 ejus
250 1235 482 1318 significatione
506 1231 748 1320 protulerunt²).
772 1273 816 1280 ——
840 1234 993 1302 Sacerdos
1013 1234 1191 1303 Palladium
1212 1233 1321 1319 juveni

158 1341 315 1406 traditura
338 1364 404 1407 esse
432 1344 571 1419 videtur,
608 1364 802 1427 quamquam
836 1343 941 1407 adhuc
963 1343 1153 1408 haesitantis·
1177 1363 1215 1405 ac
1238 1340 1322 1404 reni·

28 1460 41 1488 e
158 1449 255 1512 tentis
278 1450 412 1532 speciem
437 1449 579 1533 praebet.

246 1554 406 1631 Quaenam
429 1561 536 1620 autem
559 1556 675 1621 femina
698 1558 740 1622 sit
762 1579 844 1641 quae
867 1558 899 1621 in
922 1556 1046 1621 tumulo
1068 1556 1157 1621 sedet
1179 1555 1231 1619 hic
1258 1554 1318 1627 dici

157 1682 221 1725 non
245 1659 397 1747 potest³);
421 1664 635 1746 conjecturam
659 1662 743 1728 infra
766 1664 936 1747 proteram.

366 1868 394 1931 8.
454 1868 534 1932 Vraa
558 1892 631 1933 mus.
656 1869 804 1943 Pariani,
830 1870 968 1932 Armenii
990 1879 1115 1954 repertu.

196 1987 340 2059 Millingen
358 2005 416 2043 auc.
436 1990 513 2045 uned.
533 2006 604 2045 mou.
622 1991 634 2044 l
653 1992 696 2057 28,
716 1990 794 2045 Arch.
814 1989 878 2045 Zeit.
899 1990 933 2044 VI
953 1990 1020 2055 172,
1040 1989 1177 2044 Overbeck
1195 1989 1283 2043 2420.

234 2115 335 2200 -Opus
358 2119 475 2182 saeculi
491 2119 588 2182 tertii.
617 2151 660 2165 -
683 2117 718 2181 In
744 2119 857 2181 dextra
879 2117 1008 2182 tabulae
1031 2122 1133 2201 parte,
1158 2115 1319 2200 superiore

157 2224 235 2306 loco,
270 2228 335 2288 stat
371 2224 524 2301 Minerva,
560 2224 653 2288 talari
691 2229 777 2289 veste
811 2226 968 2288 manicata
1004 2230 1036 2288 et
1070 2225 1157 2287 brevi
1192 2221 1319 2287 chitone

158 2330 281 2394 vest'ta.
329 2329 406 2414 Ejus
441 2337 538 2415 caput
572 2336 759 2416 tegumento
783 2330 922 2414 Phrygio
945 2336 1067 2396 tectum
1101 2336 1149 2395 est
1183 2350 1223 2393 ex
1255 2350 1320 2412 quo

156 2437 266 2521 capilli
300 2438 332 2500 in
368 2438 515 2502 humeros
549 2436 704 2503 defluunt.
775 2438 861 2503 Deae
896 2439 1024 2502 sinistra
1068 2439 1160 2501 hasta
1193 2436 1317 2513 nititur,

156 2544 274 2628 clipeus
308 2567 326 2607 a
359 2550 446 2610 terra
480 2566 580 2629 usque
614 2546 653 2609 ad
690 2567 762 2609 crus
790 2547 889 2630 ipsius
923 2549 1060 2609 erectum
1095 2550 1151 2609 est.
1200 2543 1320 2606 Dextra

154 2655 304 2734 porrecta
330 2652 451 2736 aliquid
478 2653 636 2736 imperare
660 2651 796 2717 videtur.
826 2651 977 2717 —Ante
1002 2674 1070 2714 earn
1094 2651 1249 2734 aspicitur
1271 2650 1319 2713 vir

157 2757 316 2833 barbatus,
343 2759 446 2822 nudus
469 2760 529 2822 nisi
552 2760 635 2843 quod
661 2759 803 2844 chlamys
824 2782 843 2823 a
867 2759 1012 2824 bracchio
1037 2758 1163 2841 pendet,
1189 2777 1318 2840 corpore

156 2864 329 2947 graciliore.
389 2864 436 2928 Eo
469 2864 630 2949 perculsus
669 2866 755 2949 quod
796 2868 853 2930 dea
886 2863 993 2930 subito
1028 2865 1183 2948 apparuit,
1220 2863 1318 2927 oculis

154 2971 285 3035 arrectis
308 2992 375 3034 earn
400 2972 536 3054 respicit.
583 2972 707 3038 Dextra
723 2974 875 3058 gladium,
899 2973 1030 3037 sinistra
1053 2972 1174 3035 hastam
1199 2970 1232 3033 in
1257 2970 1316 3032 hu·

155 3099 275 3142 merum
298 3078 484 3142 inclinatam
508 3078 592 3155 fert3,
621 3083 673 3144 sed
698 3081 793 3143 etiam
818 3080 984 3164 parvulum
1008 3079 1165 3161 quoddam
1189 3077 1315 3161 signum

156 3206 219 3248 una
253 3207 323 3248 curn
360 3185 452 3248 hasta
479 3184 633 3271 digitibus
657 3187 804 3264 sustinet,
841 3188 925 3271 quod
961 3194 1093 3268 atergo
1116 3184 1255 3267 conspici
1279 3207 1315 3247 ex

156 3291 373 3356 bracchiorum
397 3293 459 3355 situ
484 3299 623 3377 apparet.
650 3335 688 3345 -
715 3295 742 3357 Α
769 3294 879 3357 dextra
903 3294 970 3377 ejus
992 3292 1115 3376 figurae
1137 3292 1317 3355 adolescens

155 3401 259 3463 nudus
292 3403 417 3483 praeter
440 3399 638 3484 chlamydem
672 3401 831 3484 aspicitur,
868 3400 922 3484 qui
956 3399 1033 3483 ipse
1062 3419 1189 3484 quoque
1224 3397 1315 3462 deam

155 3505 282 3589 respicit
305 3526 398 3569 cursu
423 3528 486 3590 quo
514 3505 714 3572 dextrorsum
730 3507 834 3571 tendit
849 3506 1038 3591 interrupto.
1075 3505 1209 3571 Sinistra
1233 3525 1317 3587 quae

153 3612 320 3693 chlamyde
359 3614 501 3677 involuta
542 3619 590 3678 est
628 3610 773 3694 (πέπλους
809 3612 970 3699 neptulam,
1016 3612 1168 3697 Lycophr.
1218 3609 1315 3695 1266)

151 3720 268 3782 mirum
303 3720 462 3804 quoddam
485 3720 623 3802 sigillum
645 3725 744 3796 tenet,
778 3723 920 3804 stipitem
947 3721 1053 3804 potius
1076 3720 1198 3785 duobus
1222 3719 1316 3782 sulcis

226 3886 247 3956 ι)
265 3886 316 3941 vid.
336 3885 466 3956 Stephani
484 3885 513 3942 Ο.
532 3886 564 3942 R.
585 3888 653 3943 1886
672 3904 698 3958 p.
717 3888 760 3954 59,
780 3886 919 3943 Benndorf
935 3887 952 3942 l.
965 3903 997 3954 c,
1016 3886 1112 3941 Furtw.
1132 3884 1190 3941 cat.

224 3978 245 4043 2)
265 3975 392 4041 Welclier,
412 3976 442 4030 A.
456 3974 489 4030 D.
509 3975 545 4030 lll
565 3976 630 4044 312,
654 3976 798 4044 Overbeck,
817 3976 880 4031 Her.
900 3975 958 4032 Gal.
978 3976 1043 4031 581:
1069 3975 1135 4041 „Die
1153 3974 1252 4030 Taeuie
1271 3973 1315 4029 be·

33 4136 34 4141 η
151 4064 244 4121 deutet
261 4063 438 4134 VerIodsung,
459 4063 649 4135 Gewinnuug.“

33 4148 35 4157 ’
221 4154 245 4221 ι)
265 4152 377 4208 dahnius
396 4153 413 4207 l.
432 4171 453 4209 c.
475 4155 535 4222 243,
562 4154 767 4210 Andromachen
786 4155 820 4209 ad
842 4153 965 4209 Hectoris
983 4154 1112 4211 tumulum
1133 4154 1223 4227 lugere
1246 4151 1313 4215 vult3

152 4259 223 4320 quae
241 4242 373 4299 sententia
391 4246 486 4301 tamen
500 4243 573 4301 nullo
591 4247 747 4316 argumento
766 4244 934 4314 comprobari
954 4247 1050 4314 potest.
