<?xml version="1.0" encoding="UTF-8"?>
<!DOCTYPE html PUBLIC "-//W3C//DTD XHTML 1.0 Transitional//EN"
    "http://www.w3.org/TR/xhtml1/DTD/xhtml1-transitional.dtd">
<html xmlns="http://www.w3.org/1999/xhtml" xml:lang="en" lang="en">
 <head>
  <title>
</title>
<meta http-equiv="Content-Type" content="text/html;charset=utf-8" />
  <meta name='ocr-system' content='tesseract 3.04.00' />
  <meta name='ocr-capabilities' content='ocr_page ocr_carea ocr_par ocr_line ocrx_word'/>
</head>
<body>
  <div class='ocr_page' id='page_1' title='image "./depalladiiraptu00chavgoog_0117.png"; bbox 0 0 3334 5042; ppageno 0'>
   <div class='ocr_carea' id='block_1_1' title="bbox 804 255 825 320">
    <p class='ocr_par' dir='ltr' id='par_1_1' title="bbox 804 255 825 320">
     <span class='ocr_line' id='line_1_1' title="bbox 804 255 825 320; baseline 0 0"><span class='ocrx_word' id='word_1_1' title='bbox 804 255 825 320; x_wconf 88' lang='grc'>9</span> 
     </span>
    </p>
   </div>
   <div class='ocr_carea' id='block_1_2' title="bbox 226 448 1515 538">
    <p class='ocr_par' dir='ltr' id='par_1_2' title="bbox 226 448 1515 538">
     <span class='ocr_line' id='line_1_2' title="bbox 226 448 1515 538; baseline -0.002 -22"><span class='ocrx_word' id='word_1_2' title='bbox 226 451 293 516; x_wconf 84' lang='lat' dir='ltr'>illio</span> <span class='ocrx_word' id='word_1_3' title='bbox 332 452 472 532; x_wconf 86' lang='lat' dir='ltr'>demum,</span> <span class='ocrx_word' id='word_1_4' title='bbox 514 451 571 516; x_wconf 89' lang='lat' dir='ltr'>nbi</span> <span class='ocrx_word' id='word_1_5' title='bbox 599 451 639 516; x_wconf 89' lang='lat' dir='ltr'>de</span> <span class='ocrx_word' id='word_1_6' title='bbox 686 453 830 536; x_wconf 84' lang='lat' dir='ltr'>regione,</span> <span class='ocrx_word' id='word_1_7' title='bbox 876 454 908 515; x_wconf 90' lang='lat' dir='ltr'>in</span> <span class='ocrx_word' id='word_1_8' title='bbox 953 475 1017 538; x_wconf 92' lang='lat' dir='ltr'>qua</span> <span class='ocrx_word' id='word_1_9' title='bbox 1056 448 1195 514; x_wconf 81' lang='lat' dir='ltr'>Medusa</span> <span class='ocrx_word' id='word_1_10' title='bbox 1234 472 1332 514; x_wconf 86' lang='lat' dir='ltr'>caesa</span> <span class='ocrx_word' id='word_1_11' title='bbox 1371 461 1403 514; x_wconf 88' lang='lat' dir='ltr'>et</span> <span class='ocrx_word' id='word_1_12' title='bbox 1512 455 1515 462; x_wconf 85' lang='lat'>&#39;</span> 
     </span>
    </p>
   </div>
   <div class='ocr_carea' id='block_1_3' title="bbox 226 556 1402 753">
    <p class='ocr_par' dir='ltr' id='par_1_3' title="bbox 226 556 1402 753">
     <span class='ocr_line' id='line_1_3' title="bbox 226 556 1402 644; baseline -0.001 -22"><span class='ocrx_word' id='word_1_13' title='bbox 226 559 377 644; x_wconf 83' lang='lat' dir='ltr'>Pegasus</span> <span class='ocrx_word' id='word_1_14' title='bbox 400 569 497 624; x_wconf 90' lang='lat' dir='ltr'>natus</span> <span class='ocrx_word' id='word_1_15' title='bbox 522 582 598 623; x_wconf 90' lang='lat' dir='ltr'>esse</span> <span class='ocrx_word' id='word_1_16' title='bbox 620 557 733 640; x_wconf 86' lang='lat' dir='ltr'>fertur,</span> <span class='ocrx_word' id='word_1_17' title='bbox 765 559 995 623; x_wconf 90' lang='lat' dir='ltr'>disserendum</span> <span class='ocrx_word' id='word_1_18' title='bbox 1024 559 1093 622; x_wconf 85' lang='lat' dir='ltr'>erit.</span> <span class='ocrx_word' id='word_1_19' title='bbox 1141 556 1203 622; x_wconf 93' lang='lat' dir='ltr'>IIIa</span> <span class='ocrx_word' id='word_1_20' title='bbox 1227 559 1312 621; x_wconf 91' lang='lat' dir='ltr'>enirn</span> <span class='ocrx_word' id='word_1_21' title='bbox 1336 570 1402 622; x_wconf 87' lang='lat' dir='ltr'>uno</span> 
     </span>
     <span class='ocr_line' id='line_1_4' title="bbox 229 665 925 753; baseline -0.003 -22"><span class='ocrx_word' id='word_1_22' title='bbox 229 665 412 753; x_wconf 90' lang='lat' dir='ltr'>eodemque</span> <span class='ocrx_word' id='word_1_23' title='bbox 434 665 507 733; x_wconf 89' lang='lat' dir='ltr'>loco</span> <span class='ocrx_word' id='word_1_24' title='bbox 531 666 619 730; x_wconf 88' lang='lat' dir='ltr'>faeta</span> <span class='ocrx_word' id='word_1_25' title='bbox 643 689 718 730; x_wconf 90' lang='lat' dir='ltr'>esse</span> <span class='ocrx_word' id='word_1_26' title='bbox 742 666 925 730; x_wconf 90' lang='lat' dir='ltr'>traduntur.</span> 
     </span>
    </p>
   </div>
   <div class='ocr_carea' id='block_1_4' title="bbox 563 943 1066 1027">
    <p class='ocr_par' dir='ltr' id='par_1_4' title="bbox 563 943 1066 1027">
     <span class='ocr_line' id='line_1_5' title="bbox 563 943 1066 1027; baseline -0.006 -19"><span class='ocrx_word' id='word_1_27' title='bbox 563 943 615 1009; x_wconf 92' lang='lat' dir='ltr'>Il.</span> <span class='ocrx_word' id='word_1_28' title='bbox 639 943 693 1010; x_wconf 82' lang='lat' dir='ltr'>De</span> <span class='ocrx_word' id='word_1_29' title='bbox 715 943 796 1027; x_wconf 84' lang='lat' dir='ltr'>ipso</span> <span class='ocrx_word' id='word_1_30' title='bbox 820 943 951 1025; x_wconf 74' lang='lat' dir='ltr'>Pegasi</span> <span class='ocrx_word' id='word_1_31' title='bbox 974 943 1066 1009; x_wconf 83' lang='lat' dir='ltr'>ortu.</span> 
     </span>
    </p>
   </div>
   <div class='ocr_carea' id='block_1_5' title="bbox 229 1103 1403 1386">
    <p class='ocr_par' dir='ltr' id='par_1_5' title="bbox 229 1103 1403 1386">
     <span class='ocr_line' id='line_1_6' title="bbox 316 1103 1402 1193; baseline -0.005 -23"><span class='ocrx_word' id='word_1_32' title='bbox 316 1107 410 1171; x_wconf 90' lang='lat' dir='ltr'>Nunc</span> <span class='ocrx_word' id='word_1_33' title='bbox 435 1109 587 1193; x_wconf 91' lang='lat' dir='ltr'>quoniam</span> <span class='ocrx_word' id='word_1_34' title='bbox 612 1105 652 1170; x_wconf 90' lang='lat' dir='ltr'>de</span> <span class='ocrx_word' id='word_1_35' title='bbox 668 1105 809 1169; x_wconf 80' lang='lat' dir='ltr'>Medusa</span> <span class='ocrx_word' id='word_1_36' title='bbox 832 1129 852 1169; x_wconf 92' lang='lat' dir='ltr'>a</span> <span class='ocrx_word' id='word_1_37' title='bbox 867 1106 1019 1191; x_wconf 85' lang='lat' dir='ltr'>Neptuno</span> <span class='ocrx_word' id='word_1_38' title='bbox 1041 1114 1233 1190; x_wconf 86' lang='lat' dir='ltr'>compressa</span> <span class='ocrx_word' id='word_1_39' title='bbox 1250 1103 1402 1180; x_wconf 83' lang='lat' dir='ltr'>diximus,</span> 
     </span>
     <span class='ocr_line' id='line_1_7' title="bbox 229 1209 1403 1300; baseline -0.004 -22"><span class='ocrx_word' id='word_1_40' title='bbox 229 1215 269 1278; x_wconf 89' lang='lat' dir='ltr'>de</span> <span class='ocrx_word' id='word_1_41' title='bbox 294 1216 366 1300; x_wconf 88' lang='lat' dir='ltr'>ipso</span> <span class='ocrx_word' id='word_1_42' title='bbox 383 1214 504 1299; x_wconf 84' lang='lat' dir='ltr'>Pegasi</span> <span class='ocrx_word' id='word_1_43' title='bbox 528 1223 599 1278; x_wconf 88' lang='lat' dir='ltr'>ortu</span> <span class='ocrx_word' id='word_1_44' title='bbox 624 1213 853 1277; x_wconf 87' lang='lat' dir='ltr'>disserendum</span> <span class='ocrx_word' id='word_1_45' title='bbox 879 1224 937 1276; x_wconf 87' lang='lat' dir='ltr'>est.</span> <span class='ocrx_word' id='word_1_46' title='bbox 978 1212 1029 1276; x_wconf 87' lang='lat' dir='ltr'>Ac</span> <span class='ocrx_word' id='word_1_47' title='bbox 1052 1213 1191 1298; x_wconf 89' lang='lat' dir='ltr'>primum</span> <span class='ocrx_word' id='word_1_48' title='bbox 1224 1209 1403 1274; x_wconf 82' lang='lat' dir='ltr'>litterarum</span> 
     </span>
     <span class='ocr_line' id='line_1_8' title="bbox 230 1323 629 1386; baseline -0.003 0"><span class='ocrx_word' id='word_1_49' title='bbox 230 1323 417 1386; x_wconf 84' lang='lat' dir='ltr'>testimonia</span> <span class='ocrx_word' id='word_1_50' title='bbox 441 1330 629 1385; x_wconf 80' lang='lat' dir='ltr'>tractentur.</span> 
     </span>
    </p>
   </div>
   <div class='ocr_carea' id='block_1_6' title="bbox 544 1532 1086 1597">
    <p class='ocr_par' dir='ltr' id='par_1_6' title="bbox 544 1532 1086 1597">
     <span class='ocr_line' id='line_1_9' title="bbox 544 1532 1086 1597; baseline -0.004 0"><span class='ocrx_word' id='word_1_51' title='bbox 544 1551 570 1597; x_wconf 82' lang='lat' dir='ltr'>a.</span> <span class='ocrx_word' id='word_1_52' title='bbox 595 1532 634 1597; x_wconf 78' lang='lat' dir='ltr'>[to</span> <span class='ocrx_word' id='word_1_53' title='bbox 657 1532 798 1597; x_wconf 73' lang='lat' dir='ltr'>mamerto</span> <span class='ocrx_word' id='word_1_54' title='bbox 820 1532 932 1596; x_wconf 80' lang='lat' dir='ltr'>titterts</span> <span class='ocrx_word' id='word_1_55' title='bbox 953 1534 1086 1596; x_wconf 81' lang='lat' dir='ltr'>seruata.</span> 
     </span>
    </p>
   </div>
   <div class='ocr_carea' id='block_1_7' title="bbox 166 1669 1403 1866">
    <p class='ocr_par' dir='ltr' id='par_1_7' title="bbox 166 1669 1403 1866">
     <span class='ocr_line' id='line_1_10' title="bbox 320 1669 1403 1753; baseline -0.005 -17"><span class='ocrx_word' id='word_1_56' title='bbox 320 1674 348 1736; x_wconf 90' lang='lat'>1.</span> <span class='ocrx_word' id='word_1_57' title='bbox 373 1673 498 1736; x_wconf 91' lang='lat' dir='ltr'>Horum</span> <span class='ocrx_word' id='word_1_58' title='bbox 524 1672 732 1734; x_wconf 86' lang='lat' dir='ltr'>veterrimum</span> <span class='ocrx_word' id='word_1_59' title='bbox 758 1670 822 1734; x_wconf 94' lang='lat' dir='ltr'>duo</span> <span class='ocrx_word' id='word_1_60' title='bbox 849 1669 1070 1733; x_wconf 88' lang='lat' dir='ltr'>Hesiodeae</span> <span class='ocrx_word' id='word_1_61' title='bbox 1094 1669 1307 1753; x_wconf 85' lang='lat' dir='ltr'>Theogoniae</span> <span class='ocrx_word' id='word_1_62' title='bbox 1331 1690 1403 1731; x_wconf 85' lang='lat' dir='ltr'>ver·</span> 
     </span>
     <span class='ocr_line' id='line_1_11' title="bbox 166 1777 632 1866; baseline -0.002 -24"><span class='ocrx_word' id='word_1_63' title='bbox 166 1796 172 1823; x_wconf 54' lang='lat' dir='ltr'>t</span> <span class='ocrx_word' id='word_1_64' title='bbox 229 1802 285 1844; x_wconf 89' lang='lat' dir='ltr'>sus</span> <span class='ocrx_word' id='word_1_65' title='bbox 311 1780 355 1866; x_wconf 84' lang='lat' dir='ltr'>(v.</span> <span class='ocrx_word' id='word_1_66' title='bbox 381 1777 517 1864; x_wconf 62' lang='lat' dir='ltr'>280J81)</span> <span class='ocrx_word' id='word_1_67' title='bbox 544 1787 632 1842; x_wconf 89' lang='lat' dir='ltr'>sunt:</span> 
     </span>
    </p>
   </div>
   <div class='ocr_carea' id='block_1_8' title="bbox 228 1937 1402 2138">
    <p class='ocr_par' dir='ltr' id='par_1_8' title="bbox 228 1937 1402 2138">
     <span class='ocr_line' id='line_1_12' title="bbox 228 1937 1402 2031; baseline -0.003 -23"><span class='ocrx_word' id='word_1_68' title='bbox 228 1945 291 2024; x_wconf 82' lang='grc' dir='ltr'>Τῆς</span> <span class='ocrx_word' id='word_1_69' title='bbox 314 1939 399 2031; x_wconf 72' lang='lat' dir='ltr'>(scil.</span> <span class='ocrx_word' id='word_1_70' title='bbox 424 1938 596 2024; x_wconf 72' lang='grc' dir='ltr'>Μεδούσης)</span> <span class='ocrx_word' id='word_1_71' title='bbox 623 1937 708 2008; x_wconf 82' lang='grc' dir='ltr'>δ’όπε</span> <span class='ocrx_word' id='word_1_72' title='bbox 734 1945 774 2024; x_wconf 85' lang='grc' dir='ltr'>δὴ</span> <span class='ocrx_word' id='word_1_73' title='bbox 798 1943 930 2029; x_wconf 85' lang='grc' dir='ltr'>Περσεὺς</span> <span class='ocrx_word' id='word_1_74' title='bbox 957 1945 1091 2031; x_wconf 81' lang='grc' dir='ltr'>κεφαλὴν</span> <span class='ocrx_word' id='word_1_75' title='bbox 1116 1943 1402 2030; x_wconf 72' lang='grc' dir='ltr'>ἀπεδειροτόμησεν,</span> 
     </span>
     <span class='ocr_line' id='line_1_13' title="bbox 229 2048 1050 2138; baseline 0.001 -24"><span class='ocrx_word' id='word_1_76' title='bbox 229 2048 338 2138; x_wconf 82' lang='grc' dir='ltr'>ἔκθορε</span> <span class='ocrx_word' id='word_1_77' title='bbox 360 2052 512 2138; x_wconf 82' lang='grc' dir='ltr'>Χρυσάωρ</span> <span class='ocrx_word' id='word_1_78' title='bbox 536 2074 572 2114; x_wconf 87' lang='grc' dir='ltr'>τε</span> <span class='ocrx_word' id='word_1_79' title='bbox 596 2055 692 2138; x_wconf 81' lang='grc' dir='ltr'>μέγας</span> <span class='ocrx_word' id='word_1_80' title='bbox 714 2053 765 2114; x_wconf 78' lang='grc' dir='ltr'>καὶ</span> <span class='ocrx_word' id='word_1_81' title='bbox 789 2051 934 2136; x_wconf 78' lang='grc' dir='ltr'>Πήγασος</span> <span class='ocrx_word' id='word_1_82' title='bbox 956 2050 1050 2127; x_wconf 85' lang='grc' dir='ltr'>ἵππος,</span> 
     </span>
    </p>
   </div>
   <div class='ocr_carea' id='block_1_9' title="bbox 189 2205 1406 3563">
    <p class='ocr_par' dir='ltr' id='par_1_9' title="bbox 189 2205 1406 3563">
     <span class='ocr_line' id='line_1_14' title="bbox 229 2205 1403 2294; baseline -0.002 -22"><span class='ocrx_word' id='word_1_83' title='bbox 229 2231 310 2294; x_wconf 92' lang='lat' dir='ltr'>quos</span> <span class='ocrx_word' id='word_1_84' title='bbox 334 2207 457 2294; x_wconf 86' lang='lat' dir='ltr'>aliquid</span> <span class='ocrx_word' id='word_1_85' title='bbox 482 2207 691 2273; x_wconf 79' lang='lat' dir='ltr'>obscuritatis</span> <span class='ocrx_word' id='word_1_86' title='bbox 715 2206 837 2271; x_wconf 88' lang='lat' dir='ltr'>habere</span> <span class='ocrx_word' id='word_1_87' title='bbox 863 2210 928 2271; x_wconf 90' lang='lat' dir='ltr'>iam</span> <span class='ocrx_word' id='word_1_88' title='bbox 949 2207 993 2270; x_wconf 89' lang='lat' dir='ltr'>M.</span> <span class='ocrx_word' id='word_1_89' title='bbox 1011 2208 1123 2293; x_wconf 88' lang='lat' dir='ltr'>Haupt</span> <span class='ocrx_word' id='word_1_90' title='bbox 1146 2217 1235 2271; x_wconf 88' lang='lat' dir='ltr'>recte</span> <span class='ocrx_word' id='word_1_91' title='bbox 1260 2205 1403 2270; x_wconf 91' lang='lat' dir='ltr'>animad-</span> 
     </span>
     <span class='ocr_line' id='line_1_15' title="bbox 229 2314 1401 2399; baseline -0.001 -20"><span class='ocrx_word' id='word_1_92' title='bbox 229 2318 363 2398; x_wconf 81' lang='lat' dir='ltr'>vertit.¹)</span> <span class='ocrx_word' id='word_1_93' title='bbox 411 2316 463 2379; x_wconf 92' lang='lat' dir='ltr'>De</span> <span class='ocrx_word' id='word_1_94' title='bbox 489 2317 652 2379; x_wconf 85' lang='lat' dir='ltr'>communi</span> <span class='ocrx_word' id='word_1_95' title='bbox 677 2324 767 2379; x_wconf 88' lang='lat' dir='ltr'>ortus</span> <span class='ocrx_word' id='word_1_96' title='bbox 793 2315 891 2379; x_wconf 88' lang='lat' dir='ltr'>modo</span> <span class='ocrx_word' id='word_1_97' title='bbox 917 2338 997 2380; x_wconf 89' lang='lat' dir='ltr'>sane</span> <span class='ocrx_word' id='word_1_98' title='bbox 1020 2338 1086 2379; x_wconf 90' lang='lat' dir='ltr'>non</span> <span class='ocrx_word' id='word_1_99' title='bbox 1103 2316 1164 2378; x_wconf 88' lang='lat' dir='ltr'>erit</span> <span class='ocrx_word' id='word_1_100' title='bbox 1181 2314 1401 2399; x_wconf 86' lang='lat' dir='ltr'>cogitandum.</span> 
     </span>
     <span class='ocr_line' id='line_1_16' title="bbox 230 2420 1402 2515; baseline -0.004 -26"><span class='ocrx_word' id='word_1_101' title='bbox 230 2423 290 2489; x_wconf 79' lang='lat' dir='ltr'>Oui</span> <span class='ocrx_word' id='word_1_102' title='bbox 309 2425 371 2487; x_wconf 91' lang='lat' dir='ltr'>etsi</span> <span class='ocrx_word' id='word_1_103' title='bbox 389 2426 501 2515; x_wconf 83' lang='grc' dir='ltr'>ἔκθορε</span> <span class='ocrx_word' id='word_1_104' title='bbox 527 2445 593 2486; x_wconf 85' lang='lat' dir='ltr'>vox</span> <span class='ocrx_word' id='word_1_105' title='bbox 609 2424 642 2486; x_wconf 92' lang='lat' dir='ltr'>in</span> <span class='ocrx_word' id='word_1_106' title='bbox 660 2425 824 2487; x_wconf 87' lang='lat' dir='ltr'>communi</span> <span class='ocrx_word' id='word_1_107' title='bbox 838 2445 968 2510; x_wconf 94' lang='lat' dir='ltr'>quoque</span> <span class='ocrx_word' id='word_1_108' title='bbox 983 2432 1054 2486; x_wconf 86' lang='lat' dir='ltr'>ortu</span> <span class='ocrx_word' id='word_1_109' title='bbox 1067 2432 1225 2507; x_wconf 89' lang='lat' dir='ltr'>usurpata</span> <span class='ocrx_word' id='word_1_110' title='bbox 1237 2420 1292 2505; x_wconf 81' lang='lat' dir='ltr'>(cf,</span> <span class='ocrx_word' id='word_1_111' title='bbox 1306 2420 1402 2484; x_wconf 90' lang='lat' dir='ltr'>Hom.</span> 
     </span>
     <span class='ocr_line' id='line_1_17' title="bbox 228 2529 1403 2616; baseline 0.002 -22"><span class='ocrx_word' id='word_1_112' title='bbox 228 2531 259 2596; x_wconf 88' lang='lat' dir='ltr'>h.</span> <span class='ocrx_word' id='word_1_113' title='bbox 290 2532 324 2594; x_wconf 92' lang='lat' dir='ltr'>in</span> <span class='ocrx_word' id='word_1_114' title='bbox 347 2529 453 2616; x_wconf 89' lang='lat' dir='ltr'>Apoll.</span> <span class='ocrx_word' id='word_1_115' title='bbox 479 2554 509 2595; x_wconf 82' lang='lat' dir='ltr'>v.</span> <span class='ocrx_word' id='word_1_116' title='bbox 536 2531 612 2614; x_wconf 85' lang='lat'>119)</span> <span class='ocrx_word' id='word_1_117' title='bbox 646 2551 712 2595; x_wconf 92' lang='lat' dir='ltr'>non</span> <span class='ocrx_word' id='word_1_118' title='bbox 751 2541 923 2616; x_wconf 80' lang='lat' dir='ltr'>repugnat,</span> <span class='ocrx_word' id='word_1_119' title='bbox 964 2541 1075 2593; x_wconf 87' lang='lat' dir='ltr'>tamen</span> <span class='ocrx_word' id='word_1_120' title='bbox 1115 2531 1257 2594; x_wconf 88' lang='lat' dir='ltr'>aoristus</span> <span class='ocrx_word' id='word_1_121' title='bbox 1287 2533 1403 2598; x_wconf 86' lang='grc' dir='ltr'>ἀπεδει-</span> 
     </span>
     <span class='ocr_line' id='line_1_18' title="bbox 229 2637 1403 2732; baseline -0.007 -26"><span class='ocrx_word' id='word_1_122' title='bbox 229 2646 398 2732; x_wconf 85' lang='grc' dir='ltr'>ροτόμησεν</span> <span class='ocrx_word' id='word_1_123' title='bbox 427 2637 565 2702; x_wconf 90' lang='lat' dir='ltr'>mirabili</span> <span class='ocrx_word' id='word_1_124' title='bbox 595 2640 731 2723; x_wconf 87' lang='lat' dir='ltr'>originis</span> <span class='ocrx_word' id='word_1_125' title='bbox 759 2639 873 2723; x_wconf 87' lang='lat' dir='ltr'>generi</span> <span class='ocrx_word' id='word_1_126' title='bbox 898 2640 1130 2723; x_wconf 76' lang='lat' dir='ltr'>patrocinatur.</span> <span class='ocrx_word' id='word_1_127' title='bbox 1177 2638 1293 2724; x_wconf 86' lang='lat' dir='ltr'>Neque</span> <span class='ocrx_word' id='word_1_128' title='bbox 1317 2637 1403 2700; x_wconf 90' lang='lat' dir='ltr'>enim</span> 
     </span>
     <span class='ocr_line' id='line_1_19' title="bbox 229 2744 1403 2831; baseline -0.003 -21"><span class='ocrx_word' id='word_1_129' title='bbox 229 2770 303 2810; x_wconf 90' lang='lat' dir='ltr'>oum</span> <span class='ocrx_word' id='word_1_130' title='bbox 327 2747 469 2810; x_wconf 89' lang='lat' dir='ltr'>Perseus</span> <span class='ocrx_word' id='word_1_131' title='bbox 493 2745 665 2810; x_wconf 88' lang='lat' dir='ltr'>Medusam</span> <span class='ocrx_word' id='word_1_132' title='bbox 691 2747 797 2831; x_wconf 88' lang='lat' dir='ltr'>capite</span> <span class='ocrx_word' id='word_1_133' title='bbox 821 2746 982 2831; x_wconf 86' lang='lat' dir='ltr'>privabat,</span> <span class='ocrx_word' id='word_1_134' title='bbox 1013 2744 1072 2808; x_wconf 90' lang='lat' dir='ltr'>sed</span> <span class='ocrx_word' id='word_1_135' title='bbox 1098 2766 1173 2808; x_wconf 88' lang='lat' dir='ltr'>cum</span> <span class='ocrx_word' id='word_1_136' title='bbox 1197 2745 1403 2830; x_wconf 69' lang='lat' dir='ltr'>paravisset,</span> 
     </span>
     <span class='ocr_line' id='line_1_20' title="bbox 229 2852 1406 2939; baseline -0.003 -22"><span class='ocrx_word' id='word_1_137' title='bbox 229 2852 395 2938; x_wconf 78' lang='lat' dir='ltr'>Chrysaor</span> <span class='ocrx_word' id='word_1_138' title='bbox 429 2863 462 2917; x_wconf 90' lang='lat' dir='ltr'>et</span> <span class='ocrx_word' id='word_1_139' title='bbox 488 2854 651 2939; x_wconf 82' lang='lat' dir='ltr'>Pegasus¹</span> <span class='ocrx_word' id='word_1_140' title='bbox 666 2852 898 2938; x_wconf 88' lang='lat' dir='ltr'>prosiluerunt.</span> <span class='ocrx_word' id='word_1_141' title='bbox 946 2853 1056 2933; x_wconf 76' lang='lat' dir='ltr'>Quare</span> <span class='ocrx_word' id='word_1_142' title='bbox 1085 2854 1150 2916; x_wconf 91' lang='lat' dir='ltr'>iam</span> <span class='ocrx_word' id='word_1_143' title='bbox 1179 2852 1273 2916; x_wconf 91' lang='lat' dir='ltr'>vides</span> <span class='ocrx_word' id='word_1_144' title='bbox 1306 2860 1406 2937; x_wconf 86' lang='lat' dir='ltr'>caput</span> 
     </span>
     <span class='ocr_line' id='line_1_21' title="bbox 229 2959 1404 3047; baseline -0.003 -22"><span class='ocrx_word' id='word_1_145' title='bbox 229 2960 376 3025; x_wconf 90' lang='lat' dir='ltr'>decisum</span> <span class='ocrx_word' id='word_1_146' title='bbox 400 2983 459 3047; x_wconf 93' lang='lat' dir='ltr'>pro</span> <span class='ocrx_word' id='word_1_147' title='bbox 483 2961 643 3024; x_wconf 87' lang='lat' dir='ltr'>nascendi</span> <span class='ocrx_word' id='word_1_148' title='bbox 667 2961 860 3025; x_wconf 88' lang='lat' dir='ltr'>condicione</span> <span class='ocrx_word' id='word_1_149' title='bbox 878 2959 1000 3024; x_wconf 81' lang='lat' dir='ltr'>haberi</span> <span class='ocrx_word' id='word_1_150' title='bbox 1032 2960 1118 3024; x_wconf 87' lang='lat' dir='ltr'>Turn</span> <span class='ocrx_word' id='word_1_151' title='bbox 1134 2983 1213 3024; x_wconf 86' lang='lat' dir='ltr'>vero</span> <span class='ocrx_word' id='word_1_152' title='bbox 1238 2982 1278 3025; x_wconf 93' lang='lat' dir='ltr'>ne</span> <span class='ocrx_word' id='word_1_153' title='bbox 1302 2981 1404 3023; x_wconf 89' lang='lat' dir='ltr'>unum</span> 
     </span>
     <span class='ocr_line' id='line_1_22' title="bbox 229 3067 1405 3155; baseline -0.002 -23"><span class='ocrx_word' id='word_1_154' title='bbox 229 3068 361 3154; x_wconf 93' lang='lat' dir='ltr'>quidem</span> <span class='ocrx_word' id='word_1_155' title='bbox 386 3068 463 3132; x_wconf 90' lang='lat' dir='ltr'>artis</span> <span class='ocrx_word' id='word_1_156' title='bbox 487 3067 709 3133; x_wconf 89' lang='lat' dir='ltr'>litterarumve</span> <span class='ocrx_word' id='word_1_157' title='bbox 733 3070 956 3132; x_wconf 84' lang='lat' dir='ltr'>testImonium</span> <span class='ocrx_word' id='word_1_158' title='bbox 982 3078 1099 3151; x_wconf 84' lang='lat' dir='ltr'>exstat,</span> <span class='ocrx_word' id='word_1_159' title='bbox 1130 3068 1217 3155; x_wconf 93' lang='lat' dir='ltr'>quod</span> <span class='ocrx_word' id='word_1_160' title='bbox 1241 3068 1405 3132; x_wconf 91' lang='lat' dir='ltr'>communi</span> 
     </span>
     <span class='ocr_line' id='line_1_23' title="bbox 229 3174 1404 3261; baseline -0.002 -22"><span class='ocrx_word' id='word_1_161' title='bbox 229 3176 389 3240; x_wconf 81' lang='lat' dir='ltr'>nascendi</span> <span class='ocrx_word' id='word_1_162' title='bbox 416 3176 513 3240; x_wconf 91' lang='lat' dir='ltr'>modo</span> <span class='ocrx_word' id='word_1_163' title='bbox 542 3176 662 3241; x_wconf 85' lang='lat' dir='ltr'>faveat.</span> <span class='ocrx_word' id='word_1_164' title='bbox 710 3176 781 3239; x_wconf 91' lang='lat' dir='ltr'>Nisi</span> <span class='ocrx_word' id='word_1_165' title='bbox 809 3176 892 3239; x_wconf 87' lang='lat' dir='ltr'>forte</span> <span class='ocrx_word' id='word_1_166' title='bbox 922 3174 1005 3238; x_wconf 89' lang='lat' dir='ltr'>duos</span> <span class='ocrx_word' id='word_1_167' title='bbox 1030 3178 1180 3240; x_wconf 85' lang='lat' dir='ltr'>exeuntis</span> <span class='ocrx_word' id='word_1_168' title='bbox 1205 3176 1404 3261; x_wconf 86' lang='lat' dir='ltr'>antiquitatis</span> 
     </span>
     <span class='ocr_line' id='line_1_24' title="bbox 229 3282 1404 3368; baseline -0.001 -22"><span class='ocrx_word' id='word_1_169' title='bbox 229 3282 319 3347; x_wconf 90' lang='lat' dir='ltr'>locos</span> <span class='ocrx_word' id='word_1_170' title='bbox 337 3284 469 3347; x_wconf 88' lang='lat' dir='ltr'>afferes:</span> <span class='ocrx_word' id='word_1_171' title='bbox 494 3282 584 3347; x_wconf 80' lang='lat' dir='ltr'>Serv.</span> <span class='ocrx_word' id='word_1_172' title='bbox 614 3283 700 3347; x_wconf 90' lang='lat' dir='ltr'>Dan.</span> <span class='ocrx_word' id='word_1_173' title='bbox 726 3283 769 3347; x_wconf 93' lang='lat' dir='ltr'>ad</span> <span class='ocrx_word' id='word_1_174' title='bbox 793 3284 884 3368; x_wconf 85' lang='lat' dir='ltr'>Verg</span> <span class='ocrx_word' id='word_1_175' title='bbox 910 3283 993 3347; x_wconf 84' lang='lat' dir='ltr'>Aen.</span> <span class='ocrx_word' id='word_1_176' title='bbox 1019 3283 1052 3346; x_wconf 96' lang='lat' dir='ltr'>II</span> <span class='ocrx_word' id='word_1_177' title='bbox 1078 3283 1142 3348; x_wconf 78' lang='lat'>616</span> <span class='ocrx_word' id='word_1_178' title='bbox 1165 3293 1197 3346; x_wconf 90' lang='lat' dir='ltr'>et</span> <span class='ocrx_word' id='word_1_179' title='bbox 1213 3283 1404 3366; x_wconf 83' lang='lat' dir='ltr'>„Lactant.“</span> 
     </span>
     <span class='ocr_line' id='line_1_25' title="bbox 189 3389 1404 3478; baseline -0.002 -23"><span class='ocrx_word' id='word_1_180' title='bbox 189 3421 192 3427; x_wconf 90' lang='lat'>·</span> <span class='ocrx_word' id='word_1_181' title='bbox 228 3402 346 3455; x_wconf 88' lang='lat' dir='ltr'>narrat.</span> <span class='ocrx_word' id='word_1_182' title='bbox 369 3389 470 3455; x_wconf 89' lang='lat' dir='ltr'>fabul.</span> <span class='ocrx_word' id='word_1_183' title='bbox 489 3391 547 3470; x_wconf 91' lang='lat' dir='ltr'>IV,</span> <span class='ocrx_word' id='word_1_184' title='bbox 565 3392 594 3470; x_wconf 79' lang='lat'>7,</span> <span class='ocrx_word' id='word_1_185' title='bbox 622 3390 741 3478; x_wconf 90' lang='lat' dir='ltr'>quibus</span> <span class='ocrx_word' id='word_1_186' title='bbox 766 3390 847 3455; x_wconf 88' lang='lat' dir='ltr'>nihil</span> <span class='ocrx_word' id='word_1_187' title='bbox 870 3390 1072 3456; x_wconf 88' lang='lat' dir='ltr'>auctoritatis</span> <span class='ocrx_word' id='word_1_188' title='bbox 1096 3391 1305 3457; x_wconf 90' lang='lat' dir='ltr'>tribuendum</span> <span class='ocrx_word' id='word_1_189' title='bbox 1330 3412 1404 3454; x_wconf 87' lang='lat' dir='ltr'>esse</span> 
     </span>
     <span class='ocr_line' id='line_1_26' title="bbox 231 3497 534 3563; baseline -0.003 -1"><span class='ocrx_word' id='word_1_190' title='bbox 231 3497 316 3563; x_wconf 88' lang='lat' dir='ltr'>infra</span> <span class='ocrx_word' id='word_1_191' title='bbox 339 3498 534 3562; x_wconf 87' lang='lat' dir='ltr'>videbimus.</span> 
     </span>
    </p>
   </div>
   <div class='ocr_carea' id='block_1_10' title="bbox 228 3623 1407 4356">
    <p class='ocr_par' dir='ltr' id='par_1_10' title="bbox 228 3623 1407 4356">
     <span class='ocr_line' id='line_1_27' title="bbox 319 3623 1404 3709; baseline 0 -20"><span class='ocrx_word' id='word_1_192' title='bbox 319 3624 385 3690; x_wconf 82' lang='lat' dir='ltr'>Sed</span> <span class='ocrx_word' id='word_1_193' title='bbox 408 3623 486 3688; x_wconf 87' lang='lat' dir='ltr'>licet</span> <span class='ocrx_word' id='word_1_194' title='bbox 509 3626 611 3687; x_wconf 90' lang='lat' dir='ltr'>mirus</span> <span class='ocrx_word' id='word_1_195' title='bbox 628 3626 747 3709; x_wconf 81' lang='lat' dir='ltr'>Pegasi</span> <span class='ocrx_word' id='word_1_196' title='bbox 772 3635 863 3689; x_wconf 89' lang='lat' dir='ltr'>ortus</span> <span class='ocrx_word' id='word_1_197' title='bbox 888 3628 1020 3689; x_wconf 87' lang='lat' dir='ltr'>omnino</span> <span class='ocrx_word' id='word_1_198' title='bbox 1037 3626 1114 3690; x_wconf 90' lang='lat' dir='ltr'>huic</span> <span class='ocrx_word' id='word_1_199' title='bbox 1130 3625 1203 3690; x_wconf 91' lang='lat' dir='ltr'>Ioco</span> <span class='ocrx_word' id='word_1_200' title='bbox 1221 3629 1404 3702; x_wconf 84' lang='lat' dir='ltr'>conveniat,</span> 
     </span>
     <span class='ocr_line' id='line_1_28' title="bbox 230 3731 1404 3818; baseline 0.002 -23"><span class='ocrx_word' id='word_1_201' title='bbox 230 3734 378 3818; x_wconf 89' lang='lat' dir='ltr'>quaestio</span> <span class='ocrx_word' id='word_1_202' title='bbox 393 3734 512 3807; x_wconf 83' lang='lat' dir='ltr'>existit,</span> <span class='ocrx_word' id='word_1_203' title='bbox 538 3734 669 3818; x_wconf 88' lang='lat' dir='ltr'>quinam</span> <span class='ocrx_word' id='word_1_204' title='bbox 695 3731 810 3797; x_wconf 91' lang='lat' dir='ltr'>modus</span> <span class='ocrx_word' id='word_1_205' title='bbox 835 3734 908 3817; x_wconf 89' lang='lat' dir='ltr'>ipse</span> <span class='ocrx_word' id='word_1_206' title='bbox 933 3733 1039 3797; x_wconf 89' lang='lat' dir='ltr'>fuerit.</span> <span class='ocrx_word' id='word_1_207' title='bbox 1081 3734 1220 3798; x_wconf 81' lang='lat' dir='ltr'>Etcum</span> <span class='ocrx_word' id='word_1_208' title='bbox 1237 3733 1404 3798; x_wconf 86' lang='lat' dir='ltr'>Hesiodus</span> 
     </span>
     <span class='ocr_line' id='line_1_29' title="bbox 228 3839 1405 3927; baseline 0 -23"><span class='ocrx_word' id='word_1_209' title='bbox 228 3839 340 3904; x_wconf 87' lang='lat' dir='ltr'>verbis</span> <span class='ocrx_word' id='word_1_210' title='bbox 375 3861 491 3925; x_wconf 89' lang='lat' dir='ltr'>parum</span> <span class='ocrx_word' id='word_1_211' title='bbox 526 3841 712 3925; x_wconf 89' lang='lat' dir='ltr'>perspicuis</span> <span class='ocrx_word' id='word_1_212' title='bbox 746 3863 826 3903; x_wconf 93' lang='lat' dir='ltr'>usus</span> <span class='ocrx_word' id='word_1_213' title='bbox 856 3843 907 3923; x_wconf 83' lang='lat' dir='ltr'>sit,</span> <span class='ocrx_word' id='word_1_214' title='bbox 942 3840 1093 3906; x_wconf 87' lang='lat' dir='ltr'>diversae</span> <span class='ocrx_word' id='word_1_215' title='bbox 1122 3842 1405 3927; x_wconf 88' lang='lat' dir='ltr'>interpretationes</span> 
     </span>
     <span class='ocr_line' id='line_1_30' title="bbox 228 3946 1405 4034; baseline 0.002 -23"><span class='ocrx_word' id='word_1_216' title='bbox 228 3946 373 4033; x_wconf 89' lang='lat' dir='ltr'>prolatae</span> <span class='ocrx_word' id='word_1_217' title='bbox 400 3959 484 4012; x_wconf 89' lang='lat' dir='ltr'>sunt.</span> <span class='ocrx_word' id='word_1_218' title='bbox 533 3948 577 4012; x_wconf 92' lang='lat' dir='ltr'>Ut</span> <span class='ocrx_word' id='word_1_219' title='bbox 600 3971 619 4011; x_wconf 88' lang='lat' dir='ltr'>a</span> <span class='ocrx_word' id='word_1_220' title='bbox 643 3957 754 4011; x_wconf 84' lang='lat' dir='ltr'>vetere</span> <span class='ocrx_word' id='word_1_221' title='bbox 780 3946 881 4012; x_wconf 88' lang='lat' dir='ltr'>schol.</span> <span class='ocrx_word' id='word_1_222' title='bbox 907 3948 958 4011; x_wconf 91' lang='lat' dir='ltr'>ad.</span> <span class='ocrx_word' id='word_1_223' title='bbox 977 3948 1072 4013; x_wconf 84' lang='lat' dir='ltr'>Pind.</span> <span class='ocrx_word' id='word_1_224' title='bbox 1095 3947 1146 4014; x_wconf 53' lang='lat' dir='ltr'>Ol·</span> <span class='ocrx_word' id='word_1_225' title='bbox 1169 3949 1254 4012; x_wconf 90' lang='lat' dir='ltr'>XIII</span> <span class='ocrx_word' id='word_1_226' title='bbox 1276 3948 1318 4013; x_wconf 88' lang='grc'>63</span> <span class='ocrx_word' id='word_1_227' title='bbox 1336 3947 1405 4034; x_wconf 85' lang='grc'>(89)</span> 
     </span>
     <span class='ocr_line' id='line_1_31' title="bbox 229 4056 1405 4150; baseline 0.005 -30"><span class='ocrx_word' id='word_1_228' title='bbox 229 4056 364 4120; x_wconf 86' lang='lat' dir='ltr'>dieitur:</span> <span class='ocrx_word' id='word_1_229' title='bbox 394 4060 440 4123; x_wconf 81' lang='grc' dir='ltr'>ὅτι</span> <span class='ocrx_word' id='word_1_230' title='bbox 467 4062 503 4124; x_wconf 83' lang='grc' dir='ltr'>δὲ</span> <span class='ocrx_word' id='word_1_231' title='bbox 525 4068 580 4141; x_wconf 71' lang='grc' dir='ltr'>πῆς</span> <span class='ocrx_word' id='word_1_232' title='bbox 603 4062 756 4148; x_wconf 80' lang='grc' dir='ltr'>Γοργόνος</span> <span class='ocrx_word' id='word_1_233' title='bbox 785 4060 1013 4148; x_wconf 71' lang='grc' dir='ltr'>ἀποτμηθείσης</span> <span class='ocrx_word' id='word_1_234' title='bbox 1035 4063 1090 4141; x_wconf 85' lang='grc' dir='ltr'>τὴν</span> <span class='ocrx_word' id='word_1_235' title='bbox 1113 4064 1247 4150; x_wconf 81' lang='grc' dir='ltr'>κεφαλὴν</span> <span class='ocrx_word' id='word_1_236' title='bbox 1271 4064 1325 4126; x_wconf 86' lang='grc' dir='ltr'>ὑπὸ</span> <span class='ocrx_word' id='word_1_237' title='bbox 1349 4069 1405 4126; x_wconf 78' lang='grc' dir='ltr'>ποθ</span> 
     </span>
     <span class='ocr_line' id='line_1_32' title="bbox 229 4167 1407 4256; baseline 0.002 -25"><span class='ocrx_word' id='word_1_238' title='bbox 229 4167 368 4255; x_wconf 86' lang='grc' dir='ltr'>Περσέως</span> <span class='ocrx_word' id='word_1_239' title='bbox 398 4167 531 4247; x_wconf 87' lang='grc' dir='ltr'>ἀνεδόθη</span> <span class='ocrx_word' id='word_1_240' title='bbox 563 4169 578 4231; x_wconf 86' lang='grc' dir='ltr'>ό</span> <span class='ocrx_word' id='word_1_241' title='bbox 607 4168 750 4254; x_wconf 86' lang='grc' dir='ltr'>Πήγασος</span> <span class='ocrx_word' id='word_1_242' title='bbox 774 4168 879 4245; x_wconf 74' lang='grc' dir='ltr'>ἵππος,</span> <span class='ocrx_word' id='word_1_243' title='bbox 904 4171 956 4233; x_wconf 83' lang='grc' dir='ltr'>καὶ</span> <span class='ocrx_word' id='word_1_244' title='bbox 982 4169 1128 4245; x_wconf 86' lang='grc' dir='ltr'>Ἡσίοδος</span> <span class='ocrx_word' id='word_1_245' title='bbox 1161 4176 1319 4256; x_wconf 65' lang='grc' dir='ltr'>μαρτυρεῖς</span> <span class='ocrx_word' id='word_1_246' title='bbox 1351 4177 1407 4250; x_wconf 78' lang='grc' dir='ltr'>τῆς</span> 
     </span>
     <span class='ocr_line' id='line_1_33' title="bbox 230 4268 1406 4356; baseline -0.003 -17"><span class='ocrx_word' id='word_1_247' title='bbox 230 4276 283 4340; x_wconf 86' lang='grc' dir='ltr'>ὅτε</span> <span class='ocrx_word' id='word_1_248' title='bbox 310 4277 349 4356; x_wconf 86' lang='grc' dir='ltr'>δὴ</span> <span class='ocrx_word' id='word_1_249' title='bbox 378 4321 548 4335; x_wconf 90' lang='grc'><strong>......</strong></span> <span class='ocrx_word' id='word_1_250' title='bbox 598 4270 671 4350; x_wconf 76' lang='lat' dir='ltr'>Quo</span> <span class='ocrx_word' id='word_1_251' title='bbox 707 4268 780 4335; x_wconf 89' lang='lat' dir='ltr'>loeo</span> <span class='ocrx_word' id='word_1_252' title='bbox 817 4281 924 4334; x_wconf 91' lang='lat' dir='ltr'>ortum</span> <span class='ocrx_word' id='word_1_253' title='bbox 959 4270 1058 4335; x_wconf 90' lang='lat' dir='ltr'>talem</span> <span class='ocrx_word' id='word_1_254' title='bbox 1093 4269 1295 4335; x_wconf 85' lang='lat' dir='ltr'>intellectum</span> <span class='ocrx_word' id='word_1_255' title='bbox 1331 4294 1406 4336; x_wconf 90' lang='lat' dir='ltr'>esse</span> 
     </span>
    </p>
   </div>
   <div class='ocr_carea' id='block_1_11' title="bbox 323 4553 782 4625">
    <p class='ocr_par' dir='ltr' id='par_1_11' title="bbox 323 4553 782 4625">
     <span class='ocr_line' id='line_1_34' title="bbox 323 4553 782 4625; baseline 0.004 -18"><span class='ocrx_word' id='word_1_256' title='bbox 323 4557 343 4621; x_wconf 84' lang='lat'>¹)</span> <span class='ocrx_word' id='word_1_257' title='bbox 364 4555 408 4608; x_wconf 83' lang='lat' dir='ltr'>Ad</span> <span class='ocrx_word' id='word_1_258' title='bbox 428 4553 508 4609; x_wconf 72' lang='lat' dir='ltr'>Oria</span> <span class='ocrx_word' id='word_1_259' title='bbox 527 4556 595 4609; x_wconf 79' lang='lat' dir='ltr'>Met.</span> <span class='ocrx_word' id='word_1_260' title='bbox 615 4554 652 4609; x_wconf 92' lang='lat' dir='ltr'>IV</span> <span class='ocrx_word' id='word_1_261' title='bbox 672 4554 724 4609; x_wconf 77' lang='lat'>785</span> <span class='ocrx_word' id='word_1_262' title='bbox 742 4574 782 4625; x_wconf 83' lang='lat' dir='ltr'>sq.</span> 
     </span>
    </p>
   </div>
   <div class='ocr_carea' id='block_1_12' title="bbox 0 0 1676 5042">
    <p class='ocr_par' dir='ltr' id='par_1_12' title="bbox 0 0 1676 5042">
     <span class='ocr_line' id='line_1_35' title="bbox 0 0 1676 5042; baseline 0 0"><span class='ocrx_word' id='word_1_263' title='bbox 0 0 1676 5042; x_wconf 95' lang='lat' dir='ltr'> </span> 
     </span>
    </p>
   </div>
  </div>
 </body>
</html>
