3334 5042
639 472 678 482 -
725 435 857 499 79.-

162 650 253 693 suam
287 628 432 694 attulisse
460 629 570 712 Argivi
593 630 773 694 tradebant.
820 630 927 708 (Paus.
952 630 1194 707 1124‚3.V111
1230 628 1331 715 463).

165 771 207 781 -
230 733 321 799 Nihil
344 736 444 818 igitur
466 736 539 800 miri
563 737 661 801 babet
684 741 716 801 et
741 736 878 801 Palladis
913 739 997 822 signi
1031 737 1197 822 cujusdam
1232 738 1330 822 origi·

164 863 237 905 nem
260 864 279 905 a
301 840 395 925 Troja
416 844 587 925 repetitam
611 865 686 908 esse.

252 948 287 1012 Si
324 948 407 1013 ultra
445 948 678 1033 progredimur,
725 973 741 1014 e
779 949 896 1014 fabulis
938 949 1188 1026 Atheniensibus
1227 952 1332 1015 clucet

19 1114 44 1150 Ἀ
164 1056 249 1139 signi
273 1054 404 1140 Trojani
438 1056 668 1138 possessionem
707 1061 776 1120 tum
804 1058 844 1121 ad
873 1058 1152 1139 Agamemnonem,
1188 1063 1256 1119 tum
1291 1058 1330 1120 ad

164 1161 350 1225 Diomedem
373 1162 412 1225 ab
439 1162 567 1245 Argivis
582 1164 714 1227 relatam
738 1184 816 1227 esse.
864 1162 1007 1237 Quocum
1030 1164 1149 1245 optime
1171 1165 1330 1240 convenit,

165 1266 268 1350 Argos
291 1269 325 1331 in
348 1269 584 1350 antiquioribus
608 1269 717 1333 Iliadis
740 1270 886 1352 partibus
909 1267 1046 1355 (11101,
1072 1269 1126 1333 IX
1146 1269 1251 1343 141,1
1276 1269 1332 1352 30)

167 1375 417 1457 Agamemnonis
441 1395 518 1451 esse,
543 1397 614 1439 cum
636 1376 670 1438 in
693 1376 840 1460 catalogo
876 1378 1005 1441 navium
1026 1376 1077 1460 <ll
1098 1376 1161 1438 5le
1186 1398 1257 1459 sqq.
1293 1376 1331 1440 cf.

165 1480 210 1543 Xl
233 1482 291 1562 46)
316 1481 463 1546 Diomedi
485 1481 658 1546 tribuatur.
689 1519 727 1527 -
753 1482 822 1559 Quo
850 1483 947 1546 modo
982 1505 1056 1546 vero
1090 1484 1171 1546 illud
1205 1484 1333 1567 siguum

165 1588 388 1671 Agamemnon
411 1588 586 1652 obtinuerit
610 1612 675 1653 non
699 1590 767 1653 sine
795 1591 934 1672 quadam
958 1590 1024 1653 veri
1048 1590 1152 1673 specie
1175 1590 1332 1674 conjicere

165 1693 251 1772 licet,
277 1715 349 1760 cum
371 1696 523 1779 pleraque
553 1695 617 1759 alia
639 1696 808 1760 simulacra
831 1696 927 1780 ‘froja
950 1697 990 1760 ab
1014 1694 1165 1760 heroibus
1200 1700 1236 1759 ut
1258 1717 1333 1778 pars

163 1800 338 1884 spoliorum
362 1822 442 1883 quac
465 1801 543 1884 ipsis
567 1800 740 1866 obvenerat
761 1808 934 1891 apportata
957 1824 1026 1867 esse
1046 1802 1236 1866 dicerentur.
1280 1802 1331 1866 Ad

165 1907 439 1992 Agamemnonem
477 1928 552 1971 vero
591 1909 719 1992 siguum
753 1907 915 1972 Minervae
949 1914 1022 1972 nna
1049 1930 1121 1973 cum
1157 1908 1333 1973 Cassandra

166 2014 343 2097 pervenisse
379 2014 550 2078 verisimile
574 2019 631 2091 est,
661 2014 746 2096 qnod
781 2016 815 2078 in
841 2016 927 2078 urbis
962 2017 1201 2099 expugnatione
1237 2015 1333 2079 etiam

164 2125 333 2203 postquam
374 2121 416 2184 ab
453 2117 551 2202 Ajace
591 2142 645 2184 ara
685 2122 830 2186 detracta
869 2127 918 2186 est
955 2121 1106 2203 amplexa
1144 2142 1212 2185 esse
1230 2178 1232 2181 .
1247 2122 1330 2186 dice·

164 2228 268 2291 batur.
314 2223 423 2312 (Paua.
448 2225 477 2289 X
501 2228 586 2306 2⁶33,
612 2225 783 2311 Polygnoti
806 2229 966 2310 picturam
991 2226 1181 2292 describens.
1207 2229 1335 2292 Arctini

164 2332 241 2416 hyp.
263 2355 313 2416 ap.
337 2332 511 2414 Proclum).

254 2438 323 2525 Quo
346 2443 489 2523 tempore
518 2445 686 2523 poetarum
709 2439 910 2504 narrationes
932 2440 1119 2505 Diomedem
1142 2441 1333 2525 Argivorum

165 2546 278 2609 ducem
317 2543 470 2622 fecerunt,
518 2546 560 2610 ad
600 2547 685 2610 huno
717 2546 854 2610 Palladii
888 2548 1046 2630 possessio
1081 2549 1238 2612 translata
1273 2555 1332 2612 est.

166 2650 230 2716 Sed
254 2652 424 2716 Diomedes
447 2652 653 2716 simulacrum
676 2652 843 2717 Minervae
871 2654 976 2718 minus
999 2655 1164 2718 commode
1187 2656 1333 2719 obtinere

164 2763 291 2842 poterat
314 2779 385 2822 cum
410 2760 487 2823 urbe
511 2765 604 2843 capta
625 2760 744 2842 praeda
779 2762 1032 2824 distribueretur.
1089 2763 1206 2845 Itaque
1240 2763 1333 2825 credo

165 2865 298 2930 Palladii
332 2871 443 2949 raptus
477 2865 618 2930 fabulam
657 2870 789 2949 propter
817 2866 878 2930 hoc
912 2868 1016 2949 ipsum
1040 2867 1148 2931 fictam
1183 2887 1261 2944 esse,
1297 2873 1334 2931 ut

164 2972 275 3035 melius
297 2973 537 3054 intellegeretur
559 2993 622 3055 quo
639 2973 732 3036 modo
747 2974 875 3058 signum
891 2973 1103 3055 'l‘rojanorum
1120 2974 1153 3037 in
1172 2973 1333 3037 Diomedis

164 3100 277 3143 manua
300 3080 432 3144 venerit.

253 3184 390 3249 Etiamsi
406 3207 480 3250 vero
504 3187 548 3249 sic
563 3184 665 3268 mythi
687 3187 876 3250 contexendi
901 3185 1025 3250 occasio
1049 3185 1124 3249 data
1148 3187 1200 3263 sit,
1225 3192 1332 3251 tamen

165 3292 381 3373 quaerendum
421 3296 470 3356 est
509 3294 777 3374 quemadmodum
806 3314 848 3356 cx
882 3292 1078 3356 Graecorum
1113 3293 1218 3357 indole
1253 3294 1333 3357 baec

164 3397 272 3461 fabula
296 3403 373 3463 nala
395 3400 448 3462 sit.

253 3503 419 3568 Nonnulla
443 3510 603 3570 momenta
626 3506 689 3568 huc
714 3506 870 3589 pertinere
900 3506 1059 3582 videntur,
1089 3508 1169 3589 quae
1194 3507 1334 3570 breviter

163 3629 332 3693 exponam.

253 3713 364 3780 Graeci
387 3717 512 3800 saepius
535 3740 647 3801 parum
670 3718 781 3781 stricte
814 3719 901 3782 inter
923 3718 1017 3782 deum
1040 3720 1174 3803 ejusque
1201 3719 1333 3783 simula·

165 3844 253 3886 crum
295 3822 529 3901 distinxerunt,
566 3829 665 3908 atque
703 3825 764 3889 sibi
798 3825 1033 3908 persuadebant
1068 3831 1103 3888 ut
1139 3827 1217 3890 deus
1250 3832 1334 3890 certe

164 3929 274 4011 aliquo
299 3930 392 3993 modo
408 3931 502 4014 siguo
519 3932 724 3996 detineretur.
758 3930 880 3994 Habes
896 3931 1051 3994 nonnulla
1080 3932 1228 4014 exempla
1251 3953 1333 4012 quae

128 4057 131 4063 ’
162 4035 205 4098 ad
228 4036 372 4099 civitates
387 4035 578 4120 Argivorum
604 4038 765 4121 proximas
781 4036 964 4120 pertinent:
989 4035 1170 4119 Spartiatae
1186 4040 1219 4101 in
1236 4060 1332 4121 cxpe-

163 4140 340 4206 ditionibus
363 4141 617 4226 Tyndaridarum
642 4144 765 4229 effigies
788 4164 897 4208 secum
921 4144 1006 4208 ferre
1029 4146 1177 4209 solebant
1198 4141 1330 4229 (Herod.

164 4247 192 4312 V
217 4246 287 4331 ,75);
313 4248 488 4332 Aeginetae
512 4251 659 4334 quotiens
690 4251 806 4316 bellum
829 4251 972 4315 inierunt
996 4250 1210 4315 Aeacidarum
1233 4251 1332 4314 simn-
