3334 5042
938 350 973 406 20

350 598 355 603 ¹
442 516 445 520 Δ
488 531 536 590 13.
559 528 715 605 Amphora
731 528 833 587 Vulcis
858 529 980 588 inventa
1000 548 1074 591 mus.
1091 529 1163 589 Brit,
1185 549 1215 589 n.
1238 530 1309 605 548,
1332 528 1370 589 ei.
1387 530 1427 586 de
1439 528 1531 586 witto

388 639 446 692 eat.
470 630 543 691 Dur.
567 632 636 690 243.

489 716 609 791 Pictdra
632 733 752 791 videtur
777 733 882 792 similis
905 751 975 792 esse
1008 734 1113 810 priori:
1147 751 1227 809 quae
1249 752 1267 791 a
1289 732 1394 791 Wittio
1418 733 1531 791 Perseo

387 826 476 892 datur
497 827 632 910 ‘harpe',
654 834 738 897 haud
760 835 855 893 dubie
881 844 930 894 est
947 835 1067 911 gladius
1100 835 1238 911 vulgaris.
1282 834 1365 892 Infra
1387 833 1532 893 Perseum

384 934 555 993 adumbrati
578 943 647 993 sunt
668 943 798 1009 monteS,
820 935 953 995 Medusa
975 938 1075 995 deest,

486 1038 533 1097 14.
556 1036 712 1113 Amphora
734 1054 809 1098 mus.
831 1036 956 1099 Monac.
978 1057 1007 1098 n.
1032 1039 1122 1111 1187,
1146 1039 1196 1099 ed.
1219 1038 1323 1097 Micali
1350 1038 1445 1096 storia
1468 1038 1530 1096 tab.

384 1142 434 1208 88,
457 1140 486 1211 5,
510 1140 541 1206 6,
564 1137 704 1196 Gerhard
725 1137 762 1199 A.
786 1139 823 1198 V.
850 1140 922 1198 216.

483 1239 615 1297 Medusa
638 1240 680 1297 ad
702 1241 733 1298 d.
756 1239 901 1317 concidit,
929 1239 1059 1299 Perseus
1086 1243 1116 1300 d.
1140 1259 1232 1300 manu
1255 1241 1372 1316 falcem,
1406 1241 1530 1301 brachio

387 1360 410 1400 s.
434 1341 543 1400 cibisin
563 1358 674 1416 gerens
707 1341 748 1398 ad
770 1341 801 1400 d.
833 1340 920 1416 sugit.
963 1343 1037 1402 As,
1059 1342 1195 1401 Minerva
1224 1343 1359 1414 accurrit,
1389 1343 1530 1417 aegidem

384 1459 476 1501 manu
500 1461 522 1503 s,
544 1444 735 1517 protendens
758 1443 789 1500 d.
813 1442 933 1501 hastam
955 1461 1074 1517 gerens.
1108 1444 1180 1502 Post
1195 1461 1344 1521 personas
1360 1444 1530 1518 descriptas

360 1535 477 1602 'arbor
498 1551 547 1600 est
571 1542 716 1601 fructibus
738 1544 878 1602 rotundis
900 1552 1011 1602 onusta
1019 1541 1039 1605 ¹.

784 1751 863 1809 Vasa
882 1751 962 1823 picra
981 1751 1032 1825 dp.
1054 1752 1121 1810 roh.
1231 1742 1233 1749 ’

487 1901 535 1960 15.
558 1896 714 1975 Amphora
736 1915 813 1957 mus.
829 1898 952 1958 Monac.
964 1916 994 1958 n.
1008 1902 1056 1973 54,
1070 1901 1120 1959 ed.
1130 1898 1235 1958 Micaii
1245 1917 1327 1960 mon.
1343 1901 1424 1962 ined.
1437 1904 1485 1976 44,
1500 1904 1528 1962 3.

483 1999 612 2060 Perseus
635 2017 703 2057 curn
726 1999 811 2057 cibisi
840 2000 922 2074 pileo
956 1998 1059 2074 caligis
1093 2000 1182 2058 alatis
1213 2018 1305 2059 manu
1338 2003 1369 2062 d.
1403 2003 1529 2061 cultrum

388 2108 545 2160 curvatum
566 2118 676 2176 gerens
698 2101 740 2158 ad
762 2101 792 2159 d.
815 2101 916 2160 currit.
948 2101 984 2158 In
1005 2100 1101 2159 altera
1121 2102 1200 2160 vasis
1221 2111 1308 2178 parte
1332 2104 1437 2187 Gorgo
1452 2104 1530 2161 anti-

386 2218 449 2278 quo
471 2219 556 2260 more
577 2203 649 2261 ficta
668 2210 700 2261 et
719 2203 786 2277 ipsa
810 2203 851 2258 ad
873 2203 903 2261 d.
927 2201 1026 2262 currit.

486 2305 534 2365 16.
558 2302 718 2380 Amphora
730 2318 811 2378 quae
827 2311 955 2362 vocatur
975 2298 1008 2362 ‘a
1023 2291 1215 2363 colonnette³
1238 2305 1274 2366 ci.
1298 2315 1356 2367 cat.
1374 2306 1478 2383 Camp.
1503 2326 1529 2368 s.-

386 2403 429 2461 XI
451 2403 481 2463 K
505 2404 552 2463 11.

410 2568 412 2571 .
484 2505 654 2564 Mercurius
688 2516 720 2564 et
742 2506 870 2565 Perseus
898 2508 939 2566 ad
969 2525 994 2567 a.
1018 2517 1151 2578 currunt,
1179 2508 1258 2567 inter
1285 2519 1447 2587 utrumque
1469 2511 1526 2570 Mi·

386 2625 482 2669 nerva
504 2615 576 2669 stat.

485 2712 533 2770 1‘1.
556 2710 714 2786 Amphora
736 2729 814 2770 mus.
840 2711 940 2771 Berol.
962 2708 996 2772 n.'
1014 2712 1104 2783 2344,
1126 2713 1176 2773 ed.
1200 2713 1340 2773 Panoflra
1367 2715 1438 2774 veri.
1463 2713 1528 2790 My·

282 2794 284 2799 ⁴
386 2810 460 2870 then
482 2813 544 2873 tab.
567 2813 595 2873 2.

485 2911 613 2972 Perseus
634 2913 752 2972 iuvenis
784 2916 825 2972 ad
848 2933 873 2974 s.
895 2915 986 2973 currit
1006 2916 1131 2975 brachio
1154 2934 1177 2977 s.
1201 2917 1309 2976 cibisin
1339 2936 1357 2975 e
1380 2935 1439 2992 qua
1461 2918 1530 2976 Me·

385 3014 483 3072 dusae
502 3015 599 3073 crines
625 3015 806 3092 prominent,
837 3032 930 3074 manu
960 3034 981 3076 s.
1005 3016 1114 3075 falcem
1147 3026 1294 3078 serratam
1320 3027 1455 3095 portans.
1501 3019 1531 3079 S.

385 3113 502 3173 iuvenis
523 3115 667 3192 palliatus
690 3124 760 3178 stat.
817 3186 821 3199 ¹

490 3218 539 3277 18.
560 3216 677 3292 Hydria
699 3217 823 3276 Nolana
845 3220 895 3279 ed.
920 3217 1061 3277 Panoika
1083 3236 1158 3279 mus.
1182 3218 1291 3278 Blacas
1314 3221 1377 3281 tab.
1404 3223 1453 3281 11.

484 3317 520 3376 ln
543 3318 641 3376 altera
662 3327 749 3396 parte
770 3319 904 3378 Medusa
926 3320 1027 3397 capite
1048 3320 1166 3397 privata
1180 3321 1322 3408 manibus
1340 3322 1440 3398 passis
1455 3337 1529 3380 con·

406 3469 446 3482 ..
495 3469 501 3480 .
852 3417 986 3483 ΙἚΡξΕξ
1457 3475 1463 3487 .

387 3469 470 3546 οιάιῑ,
493 3488 524 3526 m
547 3469 642 3528 altera
664 3416 829 3599 Perseus(
853 3516 975 3584 ΚΑΛΟξ
1048 3491 1116 3533 eum
1139 3475 1217 3533 falce
1240 3483 1272 3531 et
1294 3475 1379 3533 cibrsi
1402 3475 1486 3551 fugio

485 3623 532 3681 19.
555 3620 672 3697 Hydria
695 3621 798 3683 Vulcis
821 3623 945 3682 inventa
970 3642 1046 3687 mus.
1070 3626 1167 3687 Berol.
1190 3646 1220 3689 n.
1244 3629 1334 3696 2377,
1357 3629 1409 3687 ed.
1433 3628 1469 3688 Α.
1492 3629 1524 3689 (1.

384 3722 407 3783 L
431 3721 511 3781 1851
535 3723 596 3783 tab.
621 3720 658 3784 Ο.
1503 3732 1507 3740 ’

490 3821 619 3882 Perseus
641 3842 735 3884 manu
757 3827 787 3886 d.
811 3827 939 3886 cultrum
960 3846 1105 3904 magnum
1120 3839 1284 3901 curvatum,
1308 3831 1422 3889 lacerto
1445 3848 1468 3891 s,
1490 3832 1531 3890 ci·

487 4125 586 4179 ¹Num
605 4128 719 4180 Perseus
738 4137 947 4198 repraesentatus
966 4131 1000 4184 sit
1016 4132 1044 4184 in
1063 4133 1155 4201 hydria
1171 4143 1219 4188 oet.
1238 4136 1326 4203 Camp.
1347 4153 1367 4188 s.
1386 4135 1466 4189 1128
1486 4138 1532 4188 de·

392 4216 488 4283 scripta
506 4215 622 4267 huncio
640 4218 759 4271 modum:
788 4215 856 4270 ‘una
874 4221 1001 4286 Gorgone
1025 4223 1091 4274 alata
1113 4224 1224 4287 insegue
1244 4242 1259 4274 a
1276 4224 1373 4287 grande
1393 4240 1468 4276 corsa
1495 4242 1533 4275 un

387 4304 540 4369 giovanetto
559 4321 610 4357 con
628 4304 710 4370 lungo
730 4321 745 4356 e
763 4321 855 4374 sparso
875 4309 952 4370 crine,
972 4311 1021 4361 che
1040 4312 1175 4375 suggendo
1193 4329 1208 4361 a
1227 4313 1312 4362 veloci
1337 4315 1406 4378 passi
1427 4313 1533 4378 rivoige

384 4392 411 4443 la
430 4400 495 4444 testa
514 4389 643 4445 indietro’
665 4395 778 4445 discerni
797 4399 889 4462 nequit
909 4415 971 4449 vase
991 4415 1044 4448 non
1061 4401 1190 4465 inspecto.
