3334 5042
507 401 813 466 ·-17-

129 598 229 681 pictus
263 619 329 661 esse
363 601 497 662 constat.
533 596 691 661 Videntur
724 597 866 661 omnium
899 599 1090 680 argumente
1127 617 1166 660 ex
1200 595 1289 680 cyclo

130 703 243 769 Troico
271 704 435 787 desumpta
469 724 537 768 esse
561 701 618 786 (cf,
646 702 918 780 overbeck-Mau,
950 700 1097 787 Pompeji
1130 699 1217 786 103).
1246 737 1289 748 -

129 809 229 874 Periit
264 809 359 894 hujus
392 809 521 894 tabulae
557 814 626 874 tota
660 831 731 895 pars
764 811 921 893 superior,
950 810 996 873 ite
1018 813 1056 872 ut
1078 829 1155 872 num
1179 829 1289 872 murus

131 937 259 1001 quoque
282 898 500 999 templumque
522 918 759 1000 supereminens
783 916 909 1000 depicta
925 915 1046 980 fuerint
1064 915 1202 1000 judicari
1225 935 1289 978 non

70 1062 72 1067 ,
131 1025 239 1107 possit
284 1023 398 1088 Nescio
423 1023 535 1087 deinde
551 1044 633 1107 quae
648 1024 726 1087 fides
749 1024 883 1088 editioni
898 1022 1044 1086 iacienda
1066 1022 1116 1097 sit,
1141 1042 1235 1104 quam
1253 1026 1289 1085 nt

129 1132 163 1193 in
187 1131 317 1195 aedibus
341 1129 474 1194 ltoberti
497 1128 661 1214 paulisper
684 1134 811 1194 tantum
834 1129 1022 1213 inspicerem
1041 1129 1116 1194 mihi
1140 1128 1288 1213 contigit.

219 1234 399 1301 Exhibetur
422 1237 561 1320 ejusdem
585 1236 750 1320 archetypi
772 1236 910 1299 imitatio
934 1236 1030 1300 etiam
1052 1236 1086 1299 in

299 1379 341 1445 E.
377 1376 488 1442 Latere
510 1388 635 1463 onpuato
658 1378 778 1440 sinistro
801 1376 982 1461 earcopbopi
1003 1397 1079 1440 socc.
1103 1378 1131 1439 1.

283 1497 347 1554 Gori
365 1499 446 1553 Inscr.
466 1497 605 1571 antiq2IH
623 1498 658 1552 39
676 1519 712 1542 =
731 1496 839 1564 Robert‚
859 1495 983 1552 Sarkrel.
1002 1495 1035 1550 Ll
1057 1498 1137 1553 1392.
1213 1536 1218 1549 ,

220 1606 388 1693 Sculptnra
422 1609 489 1693 ipsa
523 1606 656 1683 interiit3
691 1606 936 1671 delineationem
974 1609 1102 1669 tantum
1137 1605 1292 1670 habemus

132 1733 153 1776 a
181 1711 276 1778 Gorio
304 1713 435 1779 editam.
481 1711 568 1790 Quae
592 1733 707 1796 parvae
730 1711 892 1776 intersunt
915 1711 1186 1777 dissimilitudines
1209 1713 1292 1777 iuter

131 1820 215 1882 huuc
239 1825 273 1883 et
293 1819 431 1903 ejusdem
455 1820 524 1904 typi
541 1817 800 1902 reproductioues
823 1840 902 1902 quas
925 1823 1018 1882 antea
1041 1820 1292 1884 enumeravimus

132 1924 337 1989 delineatoris
371 1926 532 1990 erroribus
567 1924 780 2008 explicantur3
815 1925 855 1990 ‹le
890 1926 1006 2009 quibus
1030 1926 1091 1989 vid.
1117 1924 1292 1991 Robertum

131 2055 162 2115 p.
189 2029 261 2096 150.
317 2099 319 2105 ,

225 2137 274 2203 De
308 2138 450 2220 ejusdem
484 2139 598 2203 aetatis
632 2140 711 2202 artis
746 2158 840 2222 opere
867 2138 989 2201 Plinius
1011 2138 1090 2210 haec
1113 2140 1212 2203 tradit
1236 2137 1292 2222 (N.

132 2244 175 2308 H.
194 2242 321 2329 33.55):
349 2244 443 2308 >Fuit
459 2244 532 2309 dein
549 2245 697 2330 Pytheas,
715 2247 804 2330 cujus
817 2246 897 2309 duee
914 2244 1024 2309 unciae
1040 2244 1091 2308 Xx
1107 2246 1292 2321 venierunt3

135 2351 262 2435 Vlysses
291 2356 324 2415 et
358 2350 527 2417 Diomedes
561 2357 652 2416 erent
674 2352 707 2415 in
735 2350 862 2435 phialae
892 2350 1090 2430 emblemate,
1116 2350 1292 2416 Palladium

132 2457 368 2543 surripientes«
420 2458 574 2540 Pytheam
607 2456 742 2523 Neronis
780 2458 978 2541 temporibus
1020 2455 1117 2522 fuisse
1152 2463 1292 2535 constat3

133 2585 172 2628 ex
204 2570 482 2630 monumentorum
514 2569 622 2629 autem
655 2586 748 2648 quem
782 2564 979 2628 instituimus
1012 2567 1158 2649 catalogo
1191 2564 1294 2630 elucet

132 2670 269 2735 Palladii
292 2677 419 2756 ruptum
441 2671 504 2734 illis
533 2671 732 2755 temporibus
761 2670 881 2736 Romae
909 2676 1092 2736 constanter
1115 2672 1154 2735 ad
1178 2676 1292 2756 typum

134 2777 172 2841 de
196 2800 259 2862 quo
282 2800 369 2842 nunc
390 2778 514 2862 agimus
538 2799 721 2861 expressum
745 2798 823 2841 esse.
860 2776 939 2842 Cum
965 2778 1031 2861 jam
1061 2800 1099 2842 ex
1128 2778 1188 2843 hoc
1211 2779 1293 2842 veri·

133 2884 234 2948 simile
261 2884 299 2949 fit
330 2885 427 2949 etiam
463 2905 517 2948 vas
552 2888 738 2969 argenteum
774 2882 918 2968 Pytheas
947 2886 992 2949 sic
1014 2890 1162 2949 ornatum
1185 2885 1292 2962 fnisse,

133 2992 355 3073 comprobatur
371 2993 449 3056 haec
471 2991 629 3055 sententia
644 2989 770 3056 vasculo
794 2990 933 3073 ejusdem
956 2993 1037 3056 artis
1061 2992 1146 3073 quod
1170 2991 1230 3057 etsi
1254 2992 1294 3056 ad

133 3099 342 3161 recentiorem
366 3098 505 3181 pertinet
528 3102 668 3162 aetatem
691 3097 754 3161 huc
779 3097 890 3161 affero:

271 3237 306 3301 F.
341 3239 399 3302 Vas
422 3251 592 3324 urpeatcum
615 3241 647 3303 iu
670 3238 826 3304 oenocboca
842 3240 981 3326 soranam
1002 3239 1156 3303 caelatum.

364 3359 395 3415 R.
414 3359 552 3427 ltochette,
571 3359 641 3414 Mon.
661 3358 730 3414 inte.
749 3363 767 3417 t.
787 3361 829 3416 52.
850 3359 987 3415 Orerbeclr
1005 3361 1075 3428 24,5.

223 3468 303 3533 Cum
326 3468 378 3533 hic
399 3469 554 3533 nonnulla
588 3469 620 3531 in
655 3474 732 3553 typo
755 3470 978 3535 transferendo
1002 3475 1199 3535 commutata
1221 3471 1294 3548 sint,

137 3575 257 3659 aliquid
291 3577 364 3640 novi
400 3576 439 3640 ad
477 3575 641 3660 archetypi
681 3582 906 3660 argumentum
945 3577 1171 3641 illustrandum
1204 3577 1297 3641 affert

136 3682 310 3748 oenochoes
336 3682 541 3746 »emblema«.
590 3681 757 3746 Diomedes
786 3684 869 3746 enim
904 3705 968 3748 non
1005 3685 1043 3748 de
1072 3704 1140 3758 ara,
1176 3684 1228 3747 sed
1259 3682 1299 3749 de

136 3810 214 3874 rupe
238 3790 375 3873 quedem
397 3790 473 3853 satis
496 3792 670 3871 praerupta
691 3789 861 3867 descendit,
891 3810 956 3872 qua
982 3791 1049 3854 sine
1076 3789 1176 3855 dubio
1199 3790 1301 3855 clivus

136 3896 216 3959 arcis
240 3896 450 3980 significatur.
469 3894 632 3960 -Vlixes
655 3894 801 3959 bracchio
821 3896 934 3960 dextro
958 3898 997 3960 ad
1025 3895 1203 3960 Palladium
1227 3918 1300 3980 pro-

136 4006 227 4066 tento
262 4021 426 4067 accurrere
460 4001 594 4067 videtur.
652 4001 742 4066 Inter
776 4001 888 4066 heroes
925 4023 981 4067 ara
1015 3999 1197 4087 (Apollinis)
1227 4008 1300 4067 stat.

136 4105 175 4170 In
198 4108 325 4171 sinistra
353 4129 428 4173 vero
451 4108 605 4192 templum
633 4109 802 4192 aspicitur,
831 4109 916 4192 quod
945 4130 1017 4173 cum
1045 4129 1065 4172 a
1098 4114 1188 4192 tergo
1224 4107 1301 4172 Dio·

137 4214 236 4277 medis
259 4214 399 4297 positum
422 4216 473 4291 sit,
498 4215 584 4281 haud
614 4214 748 4279 dubium
774 4215 899 4279 videtur
921 4216 1000 4299 quin
1022 4214 1096 4278 inde
1122 4214 1302 4280 Palladium
