3334 5042
783 421 1003 515 -as-
1112 491 1115 497 ,

210 680 213 686 .
313 616 454 700 pendeat
471 623 540 683 tota
561 619 817 702 repraesentatio,
835 640 907 683 cum
922 616 1017 682 etiam
1038 623 1145 681 cetera
1160 613 1345 698 anaglypha
1359 615 1474 697 quibus

311 722 524 810 sarcophagus
571 729 704 788 ornatur
759 730 838 788 nota
881 724 1016 790 reddant
1060 722 1139 788 artis
1182 722 1334 805 plasticae
1377 743 1474 807 opera
1521 782 1524 787 ,
1641 748 1643 753 ·

311 825 534 914 (Bellerophon
573 852 644 896 cum
677 830 810 913 Pegaso,
851 830 1003 895 Hercules
1037 829 1125 894 Pane
1159 835 1191 894 et
1228 835 1336 913 satyro
1370 830 1472 906 nixus,

311 936 461 1015 Victoria,
497 938 536 1002 de
564 935 680 1020 quibus
714 938 777 1002 rid.
807 934 985 1003 Robertum
1023 960 1055 1022 p.
1087 936 1150 1001 146
1173 934 1256 1020 sqq).
1291 973 1335 982 -
1370 935 1473 999 Vnius

313 1042 474 1129 Diomedis
507 1043 613 1128 figura
639 1044 733 1109 etiam
759 1043 793 1108 in
817 1044 940 1109 duabus
964 1043 1096 1128 gemmis
1120 1044 1259 1108 occurrit
1277 1042 1398 1127 (Millin
1424 1040 1472 1106 lll

310 1148 331 1212 9
354 1155 386 1214 et
410 1147 474 1234 10).

401 1353 511 1420 Restat
534 1362 571 1420 ut
593 1357 707 1421 ultimo
730 1357 800 1420 loco
824 1354 1069 1439 descriptionem
1092 1377 1246 1440 apponam

670 1515 725 1579 23.
753 1514 929 1600 Anaplypti
950 1515 1114 1579 marmorei

309 1635 426 1702 Romae
459 1638 493 1703 in
532 1642 651 1725 templo
681 1639 842 1705 Fortunae
878 1640 971 1722 positi
1009 1645 1041 1703 et
1075 1639 1256 1704 Palladium
1292 1636 1471 1703 Romanum

308 1743 485 1811 exhibentis
514 1770 596 1831 quae
619 1746 704 1831 apud
721 1746 906 1831 Procopium
928 1746 1046 1828 legitur
1068 1744 1121 1829 (de
1145 1744 1227 1809 hello
1244 1744 1330 1829 goth.
1355 1741 1469 1828 1.15):

308 1847 386 1937 αὕτη
414 1849 449 1914 δὲ
475 1854 494 1939 ἡ
539 1875 555 1914 ν
583 1854 627 1936 τῷ
654 1850 727 1936 λίθῳ
755 1850 845 1913 εἰκὼν
873 1848 1044 1936 πολεμούσῃ
1073 1873 1105 1913 τε
1132 1851 1181 1913 καὶ
1204 1852 1236 1912 τὸ
1259 1850 1333 1936 δόρυ
1356 1850 1469 1912 ἀνατει-

309 1954 401 2042 νούσῃ
424 1957 479 2021 ἅτε
502 1957 535 2027 ἐς
555 1957 706 2045 συμβολὴν
729 1955 820 2020 ἔοικε·
845 1955 959 2043 ποδήρη
983 1955 1017 2018 δὲ
1040 1958 1089 2019 καὶ
1104 1957 1174 2040 ὥςῒ
1197 1959 1247 2019 τὸν
1258 1960 1377 2043 χιτῶνα
1393 1953 1470 2044 ἔχει·

310 2060 343 2123 τὸ
366 2061 400 2124 δὲ
424 2063 584 2150 πρόσωπον
607 2066 642 2126 οὐ
667 2066 727 2133 τοῖς
746 2062 922 2151 Ἑλληνικοῖς
942 2062 1091 2148 ardicam
1115 2068 1170 2151 τῆς
1190 2065 1320 2151 Ἀθηνᾶς
1340 2063 1473 2150 ἐμφερές

307 2165 378 2243 ἐστι,
402 2167 467 2233 ἀλλ’
489 2169 538 2234 οἷα
562 2164 730 2235 rauranum
755 2171 788 2232 τὸ
812 2170 938 2233 παλαιὸν
961 2170 1109 2252 Αἰγύπτιοι
1131 2169 1257 2234 ἐποίουν.

783 2441 993 2448 *-

839 2695 841 2699 .
870 2635 912 2701 Il.

575 2796 882 2896 Scriptorum
911 2798 1200 2879 testimonia.

399 3014 511 3080 Fusius
535 3038 633 3101 quam
657 3019 736 3083 mihi
763 3018 910 3103 placebat
934 3020 1099 3103 descriptis
1124 3022 1193 3104 jam
1216 3021 1363 3104 operibus
1386 3038 1469 3101 quae

305 3122 344 3186 ad
368 3121 548 3188 Palladium
564 3126 737 3211 Trojanum
761 3127 931 3208 pertinent,
957 3129 1048 3191 venio
1072 3129 1112 3191 ad
1130 3148 1200 3190 earn
1216 3132 1338 3211 partem
1354 3126 1467 3189 disser-

305 3229 436 3293 tationis
464 3252 555 3296 meae
579 3255 644 3317 qua
667 3234 858 3317 scriptorum
881 3232 1070 3298 testimoniis
1093 3232 1250 3318 congestis
1273 3237 1305 3295 et
1331 3232 1468 3295 excussis

305 3336 406 3399 varias
429 3336 531 3422 mythi
555 3341 711 3404 versiones
731 3340 942 3404 restituendas
966 3341 1044 3404 mihi
1060 3339 1189 3423 sumpsi.
1236 3337 1305 3416 Quo
1325 3339 1467 3421 inopere

203 3468 205 3472 ·
304 3462 398 3526 saepe
421 3444 547 3509 initium
570 3466 590 3509 a
612 3447 825 3511 monumentis
849 3446 973 3511 faciam.

393 3550 438 3612 At
453 3552 640 3636 priusquam
659 3554 742 3619 hanc
764 3575 832 3619 rem
853 3554 1034 3640 aggrediar,
1059 3554 1096 3617 de
1112 3552 1250 3617 Homero
1274 3556 1306 3615 et
1333 3550 1466 3616 Arctino

304 3677 407 3739 pauca
429 3656 543 3723 dicam.

733 3802 751 3884 ἓ
777 3805 805 3867 1.
842 3802 1037 3868 Homerus.

392 3923 430 3987 ln
454 3925 645 4003 carminibus
668 3924 835 3991 homericis
851 3925 940 3990 nulla
958 3925 1117 3989 invenitur
1134 3922 1308 3988 ›Palladii‹
1328 3945 1466 3989 comme·

306 4031 452 4094 moratio.
498 4028 580 4095 lllud
597 4035 723 4096 tantum
741 4034 949 4117 comperimus
972 4031 1147 4096 Minervam
1171 4031 1283 4114 Trojae
1298 4037 1466 4115 patronam

303 4134 500 4221 essefiatque
522 4137 589 4219 ejus
613 4138 817 4203 simulacrum
833 4139 932 4202 fuisse
947 4139 980 4202 in
996 4139 1114 4222 templo
1130 4138 1280 4223 Pergami
1296 4139 1356 4203 sito
1371 4143 1466 4221 poeta

302 4242 376 4307 libri
399 4242 481 4312 sexti
497 4243 642 4322 tradidit,
667 4245 723 4331 qui
746 4244 914 4311 Hecubam
936 4245 1148 4329 mulieresque
1163 4244 1319 4327 Trojanae
1335 4245 1464 4329 peplum
