3334 5042
858 194 954 260 28.

773 286 987 294 ———

291 388 341 455 In*
356 389 454 457 Garia
482 398 588 455 autem
616 389 763 457 Graecos
788 400 820 456 et
841 391 943 458 Cares
971 394 1062 457 varie
1085 393 1204 457 mixtos
1234 413 1309 458 esse
1331 400 1467 458 constat.

290 499 337 564 Ut
356 497 621 581 Halicarnassus,
648 498 774 563 Dorum
799 499 936 584 colonia,
974 524 1058 587 quae
1088 500 1226 565 dialecto
1254 500 1369 565 Ionica
1398 512 1466 564 ute-

293 607 400 690 batur,
425 605 466 671 ab
490 606 581 670 initio
605 629 671 670 non
694 609 804 671 minus
830 607 948 672 Carica
972 629 1069 692 quam
1096 611 1225 672 Graeca
1249 617 1319 672 erat
1328 612 1358 693 ¹.)

381 714 539 780 Doricis
568 724 677 778 autem
709 738 728 778 a
757 714 892 793 colonie,
929 738 1011 801 quos
1039 713 1184 779 fabulam
1213 714 1298 778 hanc
1328 737 1346 779 e
1374 713 1466 779 Pelo·

291 844 439 910 ponneso
463 823 497 884 in
520 820 636 885 Asiam
663 821 871 887 transtulisse
900 821 1098 904 videbimus,
1128 822 1298 908 Chrysaor
1324 823 1468 909 Neptuni

292 940 324 994 et
347 930 513 1015 Gorgonis
538 928 625 993 filius
649 928 757 994 factus
784 930 884 1014 erit2).
933 929 1139 1015 Quamquam
1165 930 1207 993 Η.
1225 929 1374 995 Schmidt
1390 953 1465 995 con-

292 1037 396 1103 tendit
429 1036 515 1101 hanc
550 1035 778 1121 genealogiam
808 1036 949 1102 (laribus
985 1047 1042 1102 aut
1076 1059 1187 1102 eorum
1222 1039 1368 1102 finitimis
1391 1036 1466 1101 Asi·

291 1147 384 1209 aticis
407 1143 614 1208 tribuendam
639 1145 757 1227 esse3).
805 1144 849 1208 At
873 1154 961 1209 certo
986 1167 1083 1208 suum
1107 1147 1253 1230 ipsorum
1278 1146 1376 1209 deum
1401 1167 1465 1209 non

293 1276 312 1317 a
352 1252 494 1338 quodam
531 1250 736 1316 Graecorum
774 1253 907 1315 numine
944 1252 1129 1334 duxissent,
1162 1253 1357 1338 praesertim
1393 1275 1466 1314 oum

290 1363 381 1445 prius
406 1361 439 1423 in
461 1358 544 1423 Asia
568 1360 794 1422 constitissent
817 1381 914 1444 quam
940 1359 1068 1424 Graeci.
1115 1359 1224 1445 Atque
1249 1358 1312 1423 hoc
1334 1382 1465 1445 quoque

292 1467 441 1532 Graecae
465 1467 582 1551 origini
607 1464 693 1530 illius
716 1452 931 1551 genealogiae
955 1469 1188 1553 patrocinatur.
1237 1466 1350 1552 Ipsum
1379 1469 1465 1530 enim

289 1581 470 1667 Χρυσάορος
493 1596 614 1638 nomen
631 1572 795 1637 Graecum
821 1596 897 1637 esse
921 1584 1066 1661 apparet.
1113 1573 1222 1660 Atque
1247 1575 1344 1637 etiam
1363 1573 1464 1638 Grae·

291 1704 403 1748 corum
428 1680 624 1767 quibusdam
653 1679 841 1744 numinibus
871 1683 1074 1766 cognominis
1103 1681 1175 1746 loco
1203 1682 1291 1745 idem
1319 1681 1464 1745 additum

244 1876 245 1881 η
291 1812 365 1854 esse
394 1788 545 1852 vidimus.
594 1786 696 1852 Gares
725 1811 804 1853 vero
845 1791 874 1852 si
903 1787 991 1853 illam
1022 1788 1249 1874 genealogiam
1279 1789 1463 1865 finxissent,

293 1919 408 1960 nomen
439 1895 492 1960 dei
527 1897 623 1981 patrii
652 1918 718 1960 non
746 1896 780 1959 in
810 1894 976 1960 Graecum
1012 1919 1167 1960 versuros
1203 1897 1309 1960 fuisse
1343 1919 1403 1982 per
1428 1918 1463 1958 se

288 2002 497 2088 intellegitur.
550 2002 715 2067 Graecum
751 2013 860 2066 autem
893 2025 1013 2066 nomen
1045 2003 1097 2067 dci
1136 2003 1244 2069 Oarici
1274 2006 1319 2067 ita
1361 2001 1462 2088 expli·

291 2111 433 2176 candum
471 2132 546 2174 esse
581 2109 720 2174 videtur.
767 2109 963 2175 Plutarchus
1000 2110 1121 2175 Carum
1149 2115 1265 2203 λάβρυν
1299 2111 1387 2175 idem
1424 2132 1462 2173 ac

292 2218 495 2283 Graecorum
526 2225 653 2287 πέλεκυν
677 2217 863 2302 significare
900 2218 997 2282 tradit
1032 2217 1106 2301 (Qu
1135 2217 1192 2282 Gr.
1223 2218 1275 2297 45,
1304 2218 1369 2282 302
1398 2216 1462 2298 A.).

290 2327 388 2391 Unde
412 2323 650 2389 verisimillima
675 2330 864 2389 coniectura
888 2325 1059 2390 collectum
1085 2335 1136 2389 est
1159 2347 1275 2389 vocem
1301 2324 1462 2411 Chrysao-

290 2436 346 2516 ris,
372 2435 465 2497 cuius
489 2433 632 2496 numinis
656 2434 689 2495 in
715 2431 811 2497 Caria
835 2431 941 2497 cultus
967 2433 1099 2497 celeber
1122 2442 1201 2515 erat,
1219 2432 1261 2496 ad
1277 2430 1461 2495 Labrandei

290 2542 475 2604 versionem
499 2541 574 2603 usui
597 2536 743 2625 fuisse4).

380 2646 445 2727 Qui
468 2669 547 2710 vcro
571 2644 693 2710 factum
723 2649 775 2724 sit,
806 2655 843 2710 ut
872 2646 1039 2734 Chrysaor
1065 2645 1197 2711 fabulae
1227 2647 1392 2731 Gorgonis
1422 2647 1464 2708 sit

290 2759 444 2833 insertus,
469 2755 539 2818 erui
563 2777 662 2840 posse
685 2776 751 2817 non
776 2754 914 2819 videtur.
962 2755 1141 2840 Repetatur
1164 2763 1273 2818 autem
1301 2753 1355 2817 hic
1384 2776 1462 2839 quo-

291 2886 353 2950 que
377 2864 536 2927 memoria
571 2860 741 2947 analogiae
771 2884 868 2949 quam
897 2862 1017 2935 similis¹
1044 2862 1085 2926 de
1109 2862 1309 2948 Despoenae
1338 2863 1463 2945 origine

289 2969 401 3035 fabula
435 2970 581 3056 praebet.
628 2969 715 3032 Illud
750 2979 860 3033 tamen
896 2970 1100 3033 reiciendum
1129 2979 1187 3046 est,
1225 2969 1313 3055 quod
1341 2969 1464 3033 Jessen

290 3088 381 3164 putat
406 3076 624 3165 Chrysaorcm
648 3076 778 3141 fabulae
802 3077 843 3142 ab
867 3077 1015 3141 Hesiodo
1040 3077 1170 3140 demum
1201 3077 1346 3140 additum
1376 3098 1462 3158 esse,

292 3188 347 3272 qui
382 3189 416 3249 in
447 3184 670 3249 enumeranda
696 3184 866 3271 Phorcyos
897 3184 1065 3270 Getusque
1100 3186 1289 3270 posteritate
1325 3183 1462 3267 (Theog.

291 3294 355 3358 270
372 3293 437 3378 sq.)
454 3291 625 3356 Medusam
642 3302 675 3356 et
691 3292 878 3378 Geryonem
896 3293 973 3374 (287
992 3292 1053 3378 sq.)
1071 3293 1270 3377 coniungere
1284 3289 1462 3375 voluerit5).

290 3401 363 3464 Hoc
388 3400 416 3463 si
438 3402 472 3463 in
495 3401 603 3464 animo
627 3399 806 3482 habuisset,
833 3399 1030 3484 Chrysaoris
1054 3397 1127 3463 loco
1152 3400 1261 3484 ipsum
1274 3398 1464 3485 Geryonem

290 3507 449 3571 Medusae
473 3506 599 3593 prolem
622 3507 732 3571 facere
757 3508 870 3592 potuit.

697 3710 724 3756 a.
748 3691 787 3755 Bc
810 3692 908 3766 catria
929 3693 1060 3756 tabutas.

379 3810 552 3897 Reliquum
590 3821 649 3894 est,
686 3821 721 3876 ut
749 3812 790 3876 de
822 3813 957 3897 regione
992 3814 1026 3875 in
1062 3834 1126 3897 qua
1161 3809 1274 3875 fabula
1306 3819 1376 3875 orta
1411 3813 1462 3889 sit,

291 3918 501 3985 disseramus

384 4082 402 4144 ¹)
422 4079 462 4132 cf,
483 4079 532 4131 Md.
556 4080 656 4147 Meyer,
676 4078 775 4132 Gesch,
796 4079 822 4130 d.
842 4078 943 4131 Altert.
963 4078 1023 4148 115
1043 4077 1102 4130 179.

381 4169 402 4237 ²)
422 4167 464 4221 of.
484 4167 627 4238 Tuempol,
647 4167 823 4222 Fleckeisens
842 4167 1020 4223 dahrbi'icher
1039 4168 1135 4237 Suppl.
1162 4167 1226 4220 XVI
1246 4166 1337 4231 (1888)
1356 4186 1383 4236 p.
1405 4167 1464 4220 160.

381 4258 392 4288 8

380 4273 403 4407 ⁴l
422 4257 619 4413 l'rdlleIl-lldh„
649 4347 759 4401 Griech.
789 4347 879 4417 Myth.
911 4347 925 4399 I
948 4366 975 4416 p.
996 4348 1055 4411 141,
1074 4348 1104 4414 23
1136 4347 1166 4399 P.
1186 4347 1377 4412 Kretschmer,
1399 4347 1464 4401 Ein-

294 4437 406 4505 leitung
423 4456 451 4506 p.
470 4437 560 4507 304J5.

384 4527 403 4596 ⁶)
424 4525 602 4581 Paul-Wiss.
621 4545 642 4580 s.
661 4545 688 4581 v.
709 4526 857 4595 Chrysaor,
877 4526 1016 4581 1112484.
