3334 5042
812 292 854 355 19

245 470 400 550 vertatur
412 486 436 568 ¹)
481 487 598 574 Neque
621 498 731 553 tamen
755 491 826 575 ipse
842 489 995 554 *Perseus
1025 489 1144 553 dubius
1169 499 1228 555 est.
1274 486 1417 555 Etcum

245 616 262 657 e
287 594 382 659 oibisi
407 598 515 660 crines
539 595 710 660 Medusaei
737 598 912 678 emineant,
939 596 1074 660 caedem
1098 598 1162 660 iam
1192 597 1313 661 factam
1342 620 1417 661 esse

244 713 388 788 apparet-
431 704 643 781 Monstruosa
671 705 770 787 igitur
805 704 928 768 femina
956 702 1012 767 illa
1042 703 1155 788 Gorgo
1185 727 1260 769 esse
1295 707 1417 790 nequit.

245 808 306 873 Cui
330 813 378 873 rei
403 813 499 875 etiam
523 810 603 875 illud
629 810 746 890 obstat,
772 812 861 897 quod
884 812 1027 875 Perseus
1052 833 1117 875 nou
1142 822 1241 897 eaput
1269 811 1417 893 reflectit,

245 916 278 980 id
304 918 391 1003 quod
415 928 529 982 contra
551 917 739 1004 Gorgonem
765 940 896 1005 semper
919 919 1006 982 facit.
1054 920 1209 1005 Denique
1226 920 1304 1004 quid
1328 920 1419 983 frons

247 1036 432 1112 coronaque
449 1026 601 1090 manibus
620 1025 786 1111 Gorgonis
802 1036 950 1111 portatae
969 1025 1030 1090 sibi
1047 1025 1193 1091 vellent?
1229 1026 1339 1107 Quare
1351 1029 1419 1114 pic·

244 1142 350 1196 turam
367 1132 455 1197 illam
479 1133 519 1197 ad
537 1134 659 1218 Pegasi
682 1144 788 1198 ortum
806 1137 970 1220 pertinere
995 1134 1181 1219 negandum
1207 1145 1264 1198 est.
1297 1134 1418 1214 Quam·

247 1244 344 1324 quam
368 1263 452 1326 quae
473 1263 552 1304 vera
575 1243 679 1305 mirae
703 1241 828 1326 figurae
846 1242 1041 1326 significatio
1066 1245 1118 1320 sit,
1135 1265 1177 1305 ne
1201 1264 1262 1327 cgo
1288 1241 1419 1329 quidem

246 1368 361 1411 eruere
397 1351 495 1434 potui.
544 1349 654 1413 Minus
677 1358 788 1413 tamen
817 1350 859 1413 ad
887 1348 1030 1413 fabulam
1055 1349 1133 1413 alibi
1157 1349 1243 1413 haud
1267 1349 1418 1413 traditam

247 1477 344 1539 quam
376 1455 417 1519 ad
448 1456 617 1520 arbitrium
654 1455 707 1520 vel
737 1457 922 1521 socordiam
952 1457 1088 1520 artificis
1121 1457 1310 1520 revocanda
1344 1478 1419 1520 esse

246 1562 384 1627 videtur.
392 1561 419 1647 ²)

336 1671 364 1735 2.
392 1672 484 1736 Haec
509 1672 641 1758 quidem
672 1683 883 1736 monumenta
911 1684 996 1754 sunt,
1026 1674 1059 1737 in
1088 1673 1207 1758 quibus
1236 1674 1333 1737 unius
1357 1672 1419 1735 Pe-

246 1781 316 1862 gasi
342 1788 432 1842 ortus
448 1800 627 1864 expressus
653 1789 710 1844 est.
757 1779 830 1864 Age
855 1803 933 1844 vero
956 1803 995 1844 ea
1018 1780 1268 1866 perlustramus
1292 1782 1326 1844 in
1350 1780 1418 1865 qui-

247 1885 309 1948 bus
334 1894 366 1949 et
388 1885 442 1949 hic
467 1896 499 1949 et
522 1885 689 1972 Chrysaor
712 1886 841 1950 adsunt.

336 1992 452 2079 Aeque
475 2004 584 2058 autem
601 2004 699 2080 atque
722 1996 757 2058 in
780 1996 997 2080 prioreparte
1021 1997 1161 2080 primum
1183 1995 1218 2058 id
1234 2017 1317 2080 opus
1342 1994 1420 2058 affe-

247 2101 386 2165 rendum
411 2111 470 2180 est,
495 2104 528 2165 in
560 2124 623 2187 quo
648 2125 714 2166 non
741 2104 850 2187 ipsum
880 2112 970 2166 ortus
998 2112 1201 2166 momentum
1228 2124 1421 2187 repraesen-

248 2217 349 2272 tatum
370 2217 430 2274 est.
466 2209 564 2289 Quod
587 2212 794 2275 notissimum
812 2219 863 2273 est
878 2213 985 2274 musei
1003 2210 1182 2273 Britannici
1199 2208 1420 2295 anaglyphum

248 2314 416 2399 Meliumss)
429 2318 530 2403 priori
543 2316 666 2381 saeculi
682 2317 712 2381 V
726 2316 860 2380 dimidio
876 2313 1126 2401 tribuendum.⁴)
1156 2317 1298 2380 Perseus
1322 2339 1421 2381 manu

249 2425 310 2489 sin.
335 2422 463 2505 falcem,
494 2423 610 2487 dextra
633 2423 794 2487 Medusae
819 2434 918 2510 caput
940 2433 1074 2510 portans
1099 2423 1228 2487 vehitur
1252 2447 1336 2510 equo
1361 2422 1421 2485 alis

249 2541 396 2614 carente3
422 2530 482 2594 sub
508 2553 546 2595 eo
563 2531 702 2595 Medusa
726 2533 837 2595 tunica
861 2531 959 2615 longa
976 2534 1094 2595 vestita
1117 2530 1300 2617 procubuit,
1327 2530 1420 2594 cuius

250 2637 371 2704 ecollo
395 2638 503 2703 nudus
521 2638 687 2725 Chrysaor
711 2640 857 2724 emergit.
890 2639 1019 2723 Equum
1044 2649 1152 2703 autem
1169 2640 1292 2709 Persei,
1311 2660 1421 2722 quam·

250 2768 347 2831 quam
375 2745 436 2809 alis
468 2757 566 2820 caret,
602 2755 711 2811 tamen
734 2747 899 2831 Pegasum
923 2745 1179 2829 intellegendum
1215 2769 1291 2810 esse
1318 2747 1421 2810 firmis

249 2855 449 2938 argumentis
466 2853 673 2940 comprobari
696 2863 813 2939 potest.
862 2853 1058 2916 Iamdudum
1083 2855 1167 2916 enim
1194 2863 1323 2917 constat
1345 2853 1422 2917 huic

249 2958 435 3047 anaglypho
460 2961 597 3025 alterum
614 2960 748 3024 lllelium
772 2961 986 3046 respondere,
1012 2962 1044 3023 in
1070 2982 1134 3045 quo
1150 2959 1422 3046 Bellerophontes

249 3070 320 3153 pari
337 3090 421 3153 equo
440 3078 554 3133 vectus
579 3079 692 3132 contra
709 3067 917 3132 Chimaeram
933 3077 1058 3153 pugnat
1074 3065 1101 3150 ⁵)
1148 3067 1309 3147 Quoniam
1334 3068 1422 3132 hunc

249 3174 513 3261 Bellerophontis
553 3198 673 3261 equum
702 3198 816 3240 omnes
845 3175 1011 3259 Pegasum
1047 3185 1241 3259 agnoscunt,
1277 3197 1341 3239 non
1372 3186 1423 3239 est

162 3334 165 3342 ,
251 3307 310 3347 cur
344 3306 411 3347 non
447 3285 542 3346 etiam
567 3283 682 3346 Persei
719 3304 824 3368 equus
853 3282 1001 3366 Pegasus
1037 3283 1250 3347 existimetur.
1307 3282 1423 3368 Neque

251 3392 381 3455 omnino
406 3389 551 3474 intellegi
579 3400 696 3476 potest,
728 3413 786 3453 cur
813 3389 933 3453 artifex
961 3390 1051 3475 ipsos
1076 3389 1362 3475 Bellerophontem
1391 3400 1424 3454 et

250 3499 408 3563 Perseum
432 3497 569 3562 alterum
594 3496 686 3561 alteri
709 3497 948 3583 respondentes
972 3496 1109 3560 ficturus
1133 3497 1241 3575 fuerit,
1267 3499 1330 3561 nisi
1352 3501 1423 3561 vin·

251 3605 325 3671 culo
349 3605 492 3690 quodam
516 3608 601 3670 inter
624 3627 660 3668 se
685 3626 830 3669 conexos
859 3614 1017 3690 putasset.
1065 3605 1138 3667 Hoc
1167 3612 1276 3668 autem
1305 3608 1422 3669 utrius-

251 3735 315 3800 que
340 3736 414 3777 cum
430 3714 558 3798 Pegaso
583 3714 768 3777 coniunctio
794 3722 854 3777 est.
902 3713 1077 3775 Praeterea
1099 3713 1161 3775 nisi
1179 3711 1294 3776 Persei
1318 3734 1423 3799 equus

250 3821 399 3906 Pegasus
424 3830 523 3903 esset,
552 3843 637 3885 unus
667 3819 863 3906 Chrysaoris
893 3829 983 3883 ortus
1014 3828 1166 3894 exstaret,
1191 3820 1311 3904 Pegasi
1344 3818 1425 3883 nihil

252 3928 502 4013 significaretur.
552 3927 648 4009 Quod
673 3926 762 3992 nullo
786 3930 819 3992 in
844 3927 907 3991 alio
933 3949 1032 4013 opere
1057 3929 1207 3992 occurrit.
1256 3926 1423 4013 Scyphum

251 4076 463 4083 -μς-ψ

344 4146 363 4209 ¹)
381 4143 478 4196 Journ.
498 4142 529 4196 of
544 4142 645 4196 hellen.
666 4143 739 4195 stud.
759 4140 823 4193 XIV
844 4139 938 4204 (1894)
958 4159 984 4209 p.
1006 4139 1112 4206 135r36.

343 4233 363 4303 ²)
384 4233 415 4286 0.
434 4232 509 4286 Jahn
528 4232 545 4285 l.
566 4249 588 4285 e.
608 4251 635 4300 p.
655 4233 672 4286 8
691 4250 718 4283 n.
738 4230 781 4284 30.

343 4323 363 4388 ³)
382 4320 433 4374 Ed.
453 4321 605 4391 Millingen,
625 4321 692 4375 Ano.
712 4321 796 4373 uned.
815 4337 889 4373 mon.
908 4318 946 4381 Π,
965 4320 981 4370 2
1002 4320 1032 4372 et
1050 4317 1125 4371 alibi.

338 4413 360 4477 ⁴)
380 4413 591 4480 Purtwaengler
618 4412 648 4463 in
676 4411 778 4465 Bosch.
810 4410 848 4463 M.
872 4407 1042 4463 1111719.
1072 4408 1103 4461 0.
1123 4408 1277 4475 Rossbach,
1309 4406 1421 4461 Grieoh.

252 4503 376 4556 Antiken
393 4502 422 4555 in
441 4502 558 4555 Breslau
578 4500 670 4570 (1889)
688 4519 716 4569 p.
736 4490 783 4563 21}
802 4499 838 4552 H.
852 4498 980 4553 Schmidt
997 4497 1016 4550 l.
1036 4513 1059 4550 c.
1078 4516 1105 4566 p.
1127 4497 1187 4549 152.

343 4594 363 4656 ⁶)
383 4592 433 4646 Ed.
453 4592 599 4663 Millingen
618 4591 684 4644 ibid.
704 4589 741 4659 ΙΙ,
761 4591 786 4643 3.

1233 4676 1266 4728 2*

1420 378 1428 414 t
