3334 5042
809 248 830 311 7

235 442 418 508 Hesiodeae
442 445 581 530 pristinu
601 446 694 508 vocis
722 446 772 508 vis
790 444 904 509 subsit.
953 444 1019 510 Sed
1043 454 1076 509 et
1099 468 1116 509 e
1142 438 1301 511 similibus
1326 467 1408 531 quas
1492 470 1494 472 ’

234 573 335 637 supra
351 553 615 616 enumeravimus
632 550 763 632 fabulis,
782 561 871 616 etex
888 553 1008 638 equina
1028 555 1141 637 specie
1157 556 1269 617 matris
1285 553 1409 640 filiique

233 680 291 744 pro
316 668 405 722 certo
430 658 593 723 affirmare
617 659 695 724 licet
718 661 814 724 etiam
841 669 966 744 patrem
982 660 1103 744 Pegasi
1127 663 1246 746 equino
1271 684 1408 747 corpore

232 765 416 851 praeditum
447 764 562 850 fuisse,
594 766 786 852 pracsertim
817 789 890 831 cum
919 768 992 852 ipse
1017 769 1178 832 artissime
1208 790 1283 832 cum
1313 770 1407 856 equis

236 872 417 938 cohaereat.

325 979 532 1066 Quamquam
546 979 678 1046 Ovidii
692 979 833 1066 quodam
847 979 920 1045 loeo
933 982 1035 1067 patris
1048 980 1167 1066 Pegasi
1180 980 1263 1047 alius
1278 972 1409 1047 habitus

237 1109 312 1150 esse
336 1087 475 1152 videtur.
523 1087 561 1150 In
586 1085 651 1152 tela
675 1090 760 1151 enim
778 1086 963 1165 Arachnes,
985 1089 1019 1152 in
1037 1111 1101 1175 qua
1118 1111 1191 1152 cum
1210 1088 1264 1153 alii
1281 1112 1408 1154 amores

234 1203 302 1258 tum
326 1195 469 1280 Neptuni
494 1204 527 1259 et
549 1194 708 1259 Medusae
731 1195 799 1259 ficti
824 1205 926 1276 erant,
961 1195 1133 1282 Neptunus
1159 1196 1292 1282 quidem
1323 1200 1408 1261 avis

233 1303 345 1387 speeie
391 1302 523 1366 indutus
563 1301 734 1367 Medusam
784 1305 1021 1388 compressisse
1065 1302 1184 1367 dicitur
1230 1305 1310 1379 (Met
1361 1305 1408 1370 VI

236 1408 384 1495 nalem:
413 1410 457 1475 Te
481 1408 564 1491 [scil.
589 1409 754 1495 Neptune)

719 1519 991 1584 sacratricem
1014 1521 1132 1583 crinita
1154 1519 1291 1585 colubris

392 1630 494 1690 muter
516 1629 588 1706 equi
609 1626 754 1690 uolueris.
1022 1710 1025 1716 Δ

321 1731 374 1795 Ex
401 1732 464 1796 hoc
488 1755 553 1797 uno
587 1754 666 1796 sane
695 1731 767 1797 loeo
792 1731 833 1795 ad
858 1733 991 1796 Arionis
1021 1741 1124 1798 ortum
1154 1742 1278 1797 temere
1306 1732 1408 1798 relato

235 1838 396 1925 Tuompel
421 1838 551 1925 collegit
567 1839 700 1905 Adrasti
717 1862 838 1925 equum
862 1838 972 1904 alitem
997 1840 1142 1925 fuissell.
1179 1840 1289 1926 Atque
1313 1843 1409 1906 etiam

232 1945 310 2011 alibi
341 1948 451 2033 pinnis
486 1947 653 2033 praeditus
683 1970 757 2012 esse
789 1946 874 2012 falso
905 1947 1068 2032 dicitur-2).
1116 1948 1185 2011 Nec
1214 1970 1293 2012 vero
1322 1947 1408 2013 nllus

231 2054 325 2119 loeus
353 2064 404 2119 est
439 2057 494 2141 qui
525 2055 720 2120 documento
749 2057 799 2119 sit.
848 2054 980 2120 Aletum
1009 2058 1096 2120 enim
1126 2078 1246 2142 equum
1276 2054 1409 2120 Etrusci

233 2162 405 2227 cuiusdam
429 2161 553 2248 speculi
562 2164 596 2248 ³),
621 2186 720 2249 supra
745 2184 841 2249 quem
866 2186 987 2228 nomen
1010 2162 1143 2227 Arionis
1167 2165 1323 2249 scriptum
1349 2174 1408 2245 est,

234 2270 398 2355 Pegasum
421 2271 530 2356 potius
554 2269 742 2335 habendum
772 2293 847 2335 esse
879 2292 994 2334 omnes
1019 2273 1236 2334 consentiunt.
1283 2271 1409 2335 Rursus

233 2377 265 2440 in
289 2375 352 2440 alio
370 2376 505 2463 speculo
533 2377 674 2442 Etrusco
683 2376 706 2464 4)
731 2376 861 2462 ligneus
885 2377 970 2463 Elpei
995 2400 1100 2463 equus
1126 2400 1324 2464 quamquam
1348 2378 1408 2443 alis

234 2494 332 2566 caret,
370 2485 464 2551 Perse
489 2515 520 2538 =
546 2486 693 2570 Pegasus
729 2487 923 2549 nominatur.
974 2485 1105 2549 Aversa
1139 2508 1217 2550 vero
1253 2487 1287 2549 in
1316 2496 1409 2572 parte

234 2591 450 2678 complurium
481 2594 637 2678 quartia.
663 2591 739 2657 Ohr.
771 2592 895 2658 saeculi
923 2615 1091 2657 nummum
1115 2592 1315 2679 Thelpusae‚
1346 2616 1410 2679 qua

234 2703 266 2765 in
301 2700 382 2764 urbe
405 2698 518 2764 fabula
546 2699 679 2766 Arionis
716 2699 888 2765 familiaris
930 2711 1008 2783 erat,
1049 2722 1154 2788 equus
1193 2699 1253 2764 alis
1293 2723 1409 2766 carens

234 2810 383 2873 occurrit.
430 2808 537 2888 Quem
564 2805 698 2874 Adrasti
723 2832 842 2895 equum
868 2831 943 2873 esse
966 2812 1074 2900 Ἐρίων
1098 2808 1267 2895 inscriptio
1291 2808 1409 2872 firmis·

234 2918 316 2980 simo
341 2926 532 3001 argumento
558 2915 651 3002 est5).
697 2914 753 2979 Ad
781 2915 938 2980 Arionem
962 2904 1044 2980 vero
1064 2916 1167 2979 verba
1191 2918 1299 3001 potius
1325 2938 1408 3001 quae

231 3023 341 3088 locum
364 3022 454 3088 illum
480 3024 591 3089 Ovidii
614 3023 827 3109 praecedunt,
851 3022 1026 3087 referenda
1050 3034 1139 3086 sunt:

232 3112 237 3123 ⁸
323 3138 352 3196 et
375 3139 412 3209 te,
436 3132 522 3213 flauo
546 3152 651 3196 eomas
673 3108 806 3214 frugum'
828 3133 997 3196 mitissima
1020 3138 1131 3210 mater,

324 3241 422 3305 sensit
445 3259 565 3319 equum.
1152 3244 1155 3248 ’

322 3346 392 3410 Iam
408 3354 445 3409 ut
457 3344 497 3409 ad
510 3344 619 3409 locum
633 3344 744 3410 Ovidii
758 3346 798 3409 de
813 3367 876 3431 quo
890 3347 1028 3429 agimus,
1042 3344 1229 3424 redeamus,
1243 3344 1409 3410 Diltheins

235 3453 367 3539 quidem
402 3452 578 3517 arbitratur
612 3474 650 3517 eo
687 3455 875 3517 memoriam
913 3455 1068 3538 pristinae
1104 3453 1248 3539 Neptuni
1282 3451 1408 3517 formae

236 3571 400 3625 servatam
430 3583 514 3641 esse,
541 3561 596 3647 qui
624 3570 798 3647 antequam
823 3562 1027 3625 terrestrium
1061 3583 1219 3647 aquarum
1256 3560 1407 3625 dominus

234 3667 342 3734 factus
366 3669 417 3751 sit,
435 3667 518 3732 caeli
534 3666 664 3732 aeribus
680 3666 859 3754 praefuerit
868 3669 900 3752 6).
948 3669 993 3733 At
1008 3669 1195 3755 Neptunum
1212 3667 1289 3734 olim
1309 3666 1409 3754 quod·

326 3921 347 3986 ¹)
366 3918 510 3988 Tuempel‚
528 3918 558 3973 in
577 3918 751 3972 Paul-Wiss.
771 3936 792 3971 s.
813 3935 839 3972 v.
858 3917 962 3972 Areion
981 3916 1009 3970 Il
1027 3935 1054 3986 p.
1074 3917 1134 3971 622.

329 4009 350 4070 'l
370 4009 570 4079 Preller=Rob.‚
590 4007 700 4064 Griech.
719 4007 807 4077 Myth.
826 4007 842 4061 I
860 3995 894 4077 ps
907 4007 972 4071 590;
993 4007 1148 4075 Overbecln
1167 4005 1346 4075 Kunstmyth.
1367 4004 1411 4058 111

235 4118 263 4168 p.
283 4097 348 4161 384;
368 4097 562 4163 Milchhoefer‚
582 4097 730 4167 Anfaenge
749 4117 776 4167 p.
797 4096 840 4151 70.

325 4188 346 4253 ³)
365 4187 416 4242 Ed.
437 4186 573 4255 Gerhard,
602 4188 712 4241 Etruslr.
742 4187 856 4256 Spiegel
874 4186 913 4239 lV
932 4185 1000 4250 3333
1025 4186 1098 4239 Mon.
1120 4184 1183 4239 dell’
1202 4184 1272 4238 Inst.
1293 4183 1332 4237 VI
1350 4184 1409 4238 aab.

236 4277 286 4342 29;
305 4276 341 4331 cf.
361 4277 394 4330 lt.
414 4278 499 4331 Peter
516 4277 546 4329 in
565 4277 665 4330 Rosch.
686 4276 721 4329 Μ.
744 4277 773 4329 L.
793 4295 813 4330 s.
833 4295 860 4329 v.
881 4276 1058 4344 Melerpanta
1075 4274 1192 4328 112622
1212 4291 1252 4342 sq.

325 4368 347 4439 ⁴)
369 4367 505 4431 Gerhard
524 4365 554 4420 H
573 4366 635 4431 232,
655 4367 679 4419 2.

328 4456 349 4528 ⁶)
370 4455 411 4510 cf.
431 4456 519 4521 Head‚
539 4456 572 4510 N.
593 4455 626 4510 H.
646 4473 671 4525 p.
691 4455 819 4524 381s382.

328 4546 347 4611 θ)
367 4545 466 4599 Annnl.
486 4546 549 4600 dell’
569 4545 639 4599 Inst.
659 4544 806 4599 XXXXHI
824 4544 916 4614 (1871)
936 4563 963 4613 p.
980 4544 1041 4597 215.
