3334 5042
651 453 848 516 ..3-

168 654 237 713 tum
260 650 363 714 lenius
392 649 541 733 repellere
569 651 722 728 videatur,
751 647 920 714 Diomedes
944 652 1054 714 autem
1075 653 1142 713 tem
1166 646 1274 712 furens
1293 647 1326 710 in

169 756 422 840 Demophontem
443 757 545 820 irruat
568 762 604 820 ut
626 756 819 820 intervenire
843 754 958 821 debeat
982 755 1210 840 Agamemnon.
1324 798 1327 802 -

259 863 307 926 Ad
341 860 425 928 hane
457 883 600 927 scaenam
636 863 732 927 etiem
763 862 881 945 figuras
914 861 1057 926 virorum
1084 861 1260 926 sedentium
1292 879 1329 924 ae

170 968 416 1034 deliberantium
439 969 576 1053 quaein
605 969 708 1034 altero
734 974 863 1053 paterae
894 969 996 1033 latere
1019 967 1253 1052 conspiciuntur
1280 988 1329 1030 re·

170 1074 317 1139 ferendas
340 1095 493 1140 essenon
516 1073 618 1139 libens
641 1077 837 1142 crediderim.

260 1180 403 1246 Palladia
423 1203 504 1266 quee
528 1182 568 1245 ab
586 1180 680 1247 Vlixe
699 1181 915 1266 Diomedeque
938 1185 1109 1265 portantur
1129 1180 1197 1245 fere
1212 1180 1332 1251 similia

171 1295 257 1353 sunt.
291 1286 394 1372 Caput
409 1287 580 1371 galeatum,
606 1309 719 1373 eorpus
735 1289 844 1370 tuniea
859 1288 956 1352 talari
971 1288 1119 1352 indutum
1135 1292 1196 1364 eet3
1218 1286 1332 1352 hume·

171 1396 213 1459 ris
224 1395 415 1478 sinistroque
429 1392 578 1461 bracchio
589 1399 739 1479 protento
755 1397 844 1481 aegis
858 1396 1006 1479 imposita
1017 1400 1072 1459 eet.
1097 1394 1168 1459 Vna
1178 1414 1213 1459 re
1224 1399 1332 1459 temen

171 1502 254 1566 iuter
270 1521 305 1566 se
318 1501 469 1566 differunt
481 1501 662 1567 simulacre:
687 1502 821 1567 alterum
837 1501 920 1586 quod
938 1502 978 1566 ab
994 1500 1087 1566 Vlixe
1100 1501 1201 1566 fertur
1211 1499 1332 1580 hastam

174 1629 269 1672 manu
285 1612 389 1681 erecta
403 1608 517 1684 vibrat,
538 1606 673 1673 alterum
688 1630 783 1673 manu
800 1609 943 1674 demisse.
977 1607 1122 1673 Fortasse
1141 1607 1331 1671 alterutrum

173 1714 287 1779 falsum
311 1735 378 1780 esse
399 1713 449 1778 his
471 1715 645 1800 significari
669 1716 771 1780 voluit
794 1716 910 1799 pieton
937 1734 1017 1799 quae
1039 1713 1150 1780 Jahnii
1173 1713 1333 1779 sententie

173 1821 208 1905 (1.
233 1842 260 1886 o.
283 1842 313 1904 p.
338 1819 416 1903 258)
444 1821 580 1886 sirecte
607 1842 641 1887 se
669 1820 776 1900 hahet,
812 1822 939 1908 signum
974 1821 1147 1908 genuinum
1175 1821 1215 1884 ab
1239 1817 1333 1883 Vlixe

172 1928 296 2012 portari
323 1947 448 1992 neeesse
475 1933 532 2005 est,
557 1950 628 1993 eum
650 1929 683 1993 in
707 1928 854 1993 omnibus
877 1928 990 1993 esteris
1012 1925 1205 2012 imaginibus
1226 1923 1333 1990 Pallu-

175 2035 260 2098 dium
284 2033 407 2099 hastam
431 2056 526 2098 manu
549 2040 653 2099 erecte
675 2040 787 2100 tenens
810 2034 952 2100 effictum
975 2034 1028 2099 sit.

263 2139 349 2204 Illud
373 2140 507 2224 denique
535 2142 630 2206 velim
653 2142 810 2225 respicias,
841 2162 983 2207 scaenam
1013 2162 1077 2226 qua
1099 2138 1202 2204 medie
1224 2143 1335 2223 patera

175 2252 309 2312 ornatur
341 2247 486 2332 mythum
509 2249 635 2332 proprie
659 2248 802 2313 Atticum
831 2249 990 2327 exhibere,
1002 2245 1024 2330 ¹)
1059 2247 1144 2311 uude
1168 2247 1335 2311 verisimile

174 2354 213 2418 fit
237 2355 318 2418 hano
347 2374 473 2438 quoque
496 2355 649 2439 picturam
674 2356 712 2418 ad
736 2353 861 2422 fabulas
890 2356 1015 2421 Atticas
1039 2349 1233 2419 referendam
1258 2373 1333 2417 esse.

206 2626 209 2631 .
264 2565 342 2632 (lum
366 2567 405 2631 de
428 2572 634 2633 monumento
652 2569 846 2634 Atheniense
871 2568 998 2651 egerim,
1021 2565 1117 2632 liceat
1131 2569 1184 2632 hie
1199 2568 1333 2632 alterum

176 2674 254 2738 artis
278 2672 480 2738 Atheniensis
508 2695 586 2758 opus
615 2675 727 2740 efferre
763 2676 801 2739 de
835 2675 924 2759 eujus
963 2680 1070 2740 aetate
1098 2674 1214 2739 certius
1243 2675 1334 2759 quid-

176 2803 272 2865 quam
296 2780 395 2844 statui
417 2778 538 2864 nequit.

265 2886 295 2951 2.
324 2886 470 2951 Tabulam
483 2887 600 2972 pictam
615 2889 694 2964 (lieu,
720 2887 854 2952 Palladii
868 2894 995 2971 raptum
1012 2884 1222 2965 exhibentem,
1240 2909 1335 2972 quem

179 2993 358 3057 Athenis
349 3015 382 3057 ιιι
416 2992 550 3058 Pinaeot
552 2994 631 3059 heea
665 3015 698 3059 se
726 2995 838 3058 vidisse
872 3000 982 3059 narrat
1009 2995 1184 3059 Pausaniae
1205 2993 1222 3058 Ι
1245 2994 1334 3059 22.τό

180 3096 327 3186 deosum<
356 3094 401 3185 ἦν,
435 3097 452 3157 d
482 3097 540 3182 μὲν
575 3096 740 3188 ἐνΛῆΙινῳ
765 3101 797 3163 τὸ
812 3098 1010 3188 Φιλοκτήτου
1046 3098 1140 3175 τόξον,
1174 3099 1192 3159 d
1218 3097 1254 3161 δὲ
1283 3099 1336 3186 τὴν

178 3201 299 3291 Ἀθηνᾶν
321 3201 542 3290 ἀφοῳούμενος
555 3203 592 3277 ἐξ
604 3203 719 3284 droul)
750 3207 798 3272 Ex
811 3209 926 3293 quibus
938 3209 1040 3274 verbis
1056 3208 1184 3271 minime
1196 3207 1337 3272 efficitur

177 3334 277 3376 uuum
295 3311 478 3377 Diomedem
502 3320 779 3396 repraesentatum
802 3314 910 3392 fuisse,
935 3338 1006 3380 eum
1026 3316 1191 3400 periegeta
1207 3312 1337 3379 tabulae

180 3422 404 3504 argumentum
427 3419 528 3484 obiter
552 3425 678 3486 tantum
702 3423 828 3487 indicet
864 3422 945 3486 Illud
970 3429 1056 3486 certe
1079 3416 1239 3486 affirmare
1254 3416 1336 3500 licet,

179 3522 330 3609 Tydidem
354 3526 471 3609 primas
499 3531 605 3610 parles
639 3529 738 3612 egisse
765 3533 861 3613 atque
889 3549 988 3593 unum
1010 3532 1137 3593 tautum
1161 3526 1337 3593 Palladium

179 3653 361 3714 expressum
384 3631 490 3699 fuisse.

252 3842 272 3910 ¹)
290 3840 349 3896 Vid.
368 3840 447 3908 Jahn,
465 3840 482 3895 l.
502 3857 524 3897 o.
543 3842 604 3897 259.

251 3933 273 3998 ²)
291 3929 332 3984 De
358 3930 410 3985 hoo
435 3928 496 3984 loeo
528 3929 563 3986 of.
590 3930 736 3986 Rohertum
763 3929 1012 4003 SarkophegreHess
1038 3931 1062 3985 ll
1091 3930 1150 3998 149,
1188 3930 1233 4001 qui
1259 3931 1337 3986 Paus.

177 4018 200 4072 V
216 4019 277 4073 108
292 4017 394 4073 attulit:
416 4016 563 4088 Κένταυρος
578 4022 607 4072 δὲ
626 4022 640 4072 ὁ
655 4022 703 4086 μὲν
718 4024 849 4092 παρθένον,
868 4024 883 4072 ὁ
895 4023 924 4073 δὲ
938 4024 1013 4073 παῖδα
1025 4021 1148 4091 ἡρπακώς
1158 4022 1224 4072 ἐστιν
1236 4023 1337 4089 ὡραῖον.

177 4136 212 4146 -
233 4105 291 4160 Vid.
311 4106 391 4161 etiem
410 4122 478 4177 queo
496 4106 530 4161 de
548 4106 656 4163 tabulae
675 4111 762 4164 aetate
781 4108 877 4164 dixerit
894 4126 916 4162 ν.
936 4109 962 4164 d
985 4151 1027 4171 „..
1046 4108 1095 4162 das
1112 4106 1180 4178 Bild,
1200 4108 1249 4163 das
1265 4108 1340 4162 nieht

177 4213 232 4251 von
251 4193 390 4267 Polygnot,
415 4195 530 4251 eondern
554 4211 606 4251 vou
629 4196 715 4252 einem
736 4197 867 4267 jhnge'ren
885 4197 993 4251 Meister
1015 4212 1063 4250 aus
1082 4196 1129 4250 der
1147 4196 1275 4253 Bltitezeit
1292 4196 1339 4250 der

177 4282 367 4339 Tafelmalerei
386 4283 548 4340 herrtihrte.“

1147 4395 1177 4444 1*
