3334 5042
864 246 901 307 34

408 425 774 509 Perseus-(druhtui)
786 440 893 489 contra
910 439 1079 489 monstrum
1091 424 1265 509 (Ksstoht)
1297 431 1449 508 lapidibus

308 534 456 595 coniectis
486 540 612 611 pugnat,
647 548 724 608 quos
759 532 787 589 ei
817 532 1020 591 Andromeda
1041 526 1357 612 (naumann)
1378 545 1449 611 post

309 652 380 696 eum
401 645 485 696 stans
507 633 605 693 offert.

716 797 793 858 Vasa
809 798 894 871 picta
913 758 1048 872 βω.
1147 808 1151 815 ’

408 935 435 994 2.
463 932 581 1009 Hydria
603 931 705 991 Vulcis
727 932 854 990 inventa
876 948 951 992 mus.
974 931 1048 991 Brit.
1072 951 1102 993 n.
1124 934 1195 993 801.
1219 934 1269 994 ed.
1293 934 1450 994 Archaeo-

307 1034 387 1111 logia
410 1035 463 1119 36Ι
480 1034 541 1093 tab.
565 1034 593 1091 6.
648 1032 785 1092 Mediam
814 1031 962 1108 picturam
989 1032 1190 1093 Andromeda
1221 1042 1307 1093 tenet
1340 1037 1451 1095 vestita

307 1135 408 1195 tunica
433 1135 517 1193 brevi
539 1135 691 1193 manicata
726 1135 824 1193 bracis
855 1135 935 1210 pileo
958 1135 1079 1210 qualem
1102 1137 1255 1194 interdurn
1275 1138 1449 1197 Amazones

307 1238 421 1297 habent
442 1230 495 1315 (cf.
518 1256 546 1295 e.
568 1255 598 1311 g.
614 1236 709 1295 Millin
729 1236 822 1313 peint.
845 1237 874 1295 d.
899 1253 959 1295 vas.
982 1232 1073 1313 110).
1109 1235 1247 1313 Uterque
1267 1239 1332 1297 eius
1356 1240 1450 1297 lacer-

307 1349 355 1398 tus
377 1337 497 1397 fulcitur
525 1357 543 1397 a
565 1338 688 1413 singulis
709 1338 811 1412 pueris
835 1336 1047 1413 Aethiopibus.
1093 1337 1122 1398 A
1144 1339 1175 1397 d.
1197 1347 1258 1397 tres
1280 1339 1449 1414 Aethiopes

307 1447 472 1518 apportant
502 1439 720 1516 supellectilem
748 1439 941 1517 muliebrem,
977 1458 1000 1499 s.
1029 1440 1115 1497 alteri
1145 1448 1205 1497 tres
1240 1453 1336 1498 terrae
1363 1441 1448 1515 palos

305 1543 443 1618 infigunt.
486 1540 523 1598 In
556 1551 693 1600 extrema
721 1547 808 1615 parte
831 1542 863 1598 d.
887 1539 1029 1618 Cepheus
1062 1540 1092 1597 in
1123 1556 1198 1598 saxo
1231 1542 1321 1599 sedet
1352 1543 1394 1600 ad
1425 1560 1448 1602 s,

307 1662 480 1703 conversus,
524 1644 599 1701 Post
625 1660 695 1699 eum
718 1641 850 1700 Perseus
886 1652 947 1703 stat
974 1641 1055 1718 pileo
1083 1641 1166 1700 alato
1198 1642 1324 1716 insignis
1357 1643 1448 1701 hastis

306 1754 448 1804 armatus

406 1848 433 1905 3.
457 1844 611 1921 Amphora
645 1844 807 1921 magnilica
846 1843 970 1902 Canusii
1003 1845 1126 1902 inventa
1158 1863 1234 1904 mus.
1263 1844 1393 1921 Neapol.
1421 1865 1451 1906 n.

307 1948 387 2008 3225
410 1946 450 2008 Η.
472 1948 522 2008 ed.
543 1945 706 2005 Minervini
727 1964 817 2005 mem.
842 1946 931 2004 acad.
954 1945 967 2001 I
994 1946 1055 2004 tab.
1079 1948 1160 2005 2-4
1184 1969 1222 1994 =
1247 1964 1336 2006 mem.
1370 1948 1452 2006 della

310 2049 399 2110 acad.
421 2048 521 2110 Ercol,
542 2047 586 2106 IX
608 2048 670 2108 tab.
692 2048 785 2108 5³³1.
1352 2041 1357 2049 '

380 2148 440 2207 .In
462 2166 542 2208 zona
561 2149 715 2225 superiore
738 2149 942 2208 Andromeda
956 2150 1097 2207 manibus
1120 2151 1219 2226 passis
1242 2151 1283 2209 ad
1305 2152 1384 2209 duos
1406 2169 1450 2207 ar·

308 2253 417 2310 borum
439 2259 562 2308 truncos
582 2249 674 2308 affixa
695 2258 750 2309 est.
793 2250 844 2308 Ad
865 2267 934 2308 eam
956 2252 1027 2310 ad.
1049 2251 1170 2308 accedit
1185 2250 1328 2327 Cepheus
1353 2268 1449 2308 senex

307 2352 451 2411 imberbis
473 2370 492 2410 a
513 2352 623 2410 iuvene
639 2349 770 2427 Phrygio
793 2350 894 2411 fultus.
931 2350 960 2413 S.
976 2349 1132 2427 Cassiepia
1153 2361 1272 2411 maesta
1292 2353 1324 2411 in
1344 2361 1451 2427 patera

306 2461 410 2514 erecta
441 2453 547 2524 sedet;
578 2470 666 2511 serva
690 2471 761 2512 earn
787 2452 920 2511 umbella
951 2454 1035 2528 tegit.
1078 2454 1113 2511 ln
1146 2463 1234 2530 parte
1264 2456 1294 2515 d.
1315 2464 1453 2513 extrema

303 2556 407 2632 puella
428 2556 535 2632 lugens
558 2555 668 2614 faciem
689 2555 810 2614 occulit.

403 2657 441 2717 Iu
463 2674 541 2715 zona
563 2657 705 2715 inferiore
716 2657 846 2716 Perseus
870 2666 977 2717 contra
1000 2658 1166 2716 draconem
1191 2660 1341 2719 marinum
1357 2661 1449 2736 harpe

304 2767 431 2835 pugnat,
454 2760 527 2817 dum
550 2759 685 2836 quinque
700 2758 849 2817 Nereides
870 2759 959 2818 variis
982 2760 1079 2817 beluis
1102 2760 1223 2818 marinis
1246 2769 1353 2820 vectae
1374 2779 1447 2837 pug-

304 2878 377 2918 narn
399 2861 517 2918 intente
540 2858 793 2936 contemplantur.
839 2859 951 2919 Perseo
975 2859 1069 2918 Amor
1091 2877 1237 2931 coronam
1259 2862 1355 2921 offert.

403 2965 433 3024 4.
456 2961 612 3038 Amphora
639 2961 670 3018 iu
692 2960 848 3020 Lucaniae
871 2961 987 3037 oppido
1011 2960 1171 3019 Misenello
1198 2971 1319 3038 reperta
1340 2963 1450 3022 collec·
1569 3004 1575 3016 .

304 3065 394 3123 tionis
421 3063 674 3138 Santaugelianae
708 3081 737 3123 n.
759 3056 819 3122 708
844 3063 894 3131 Η.,
918 3063 966 3122 ed.
989 3062 1031 3121 M.
1055 3064 1084 3123 d.
1109 3063 1132 3121 Ι.
1155 3063 1201 3120 lX
1217 3065 1257 3124 38
1277 3064 1315 3122 cf.
1334 3066 1369 3125 A.
1386 3066 1415 3127 d.
1426 3065 1449 3125 Ι.

307 3167 385 3225 1872
408 3184 438 3241 p.
462 3166 521 3225 108
537 3183 576 3225 ss.

403 3265 524 3326 Pictura
545 3267 636 3342 priori
657 3266 760 3325 similis
784 3267 841 3324 sed
864 3266 1082 3324 multominus
1116 3268 1277 3342 diligenter
1307 3268 1391 3344 picta
1419 3268 1450 3324 in

305 3379 366 3429 tres
388 3378 492 3445 partes
514 3368 610 3427 divisa
633 3377 687 3428 est.
732 3369 768 3428 In
792 3377 881 3445 parte
911 3385 1051 3445 suprema
1073 3367 1179 3427 Venus
1200 3371 1283 3446 picta
1309 3378 1354 3427 est
1380 3387 1450 3427 cum

305 3472 418 3530 Amore
442 3480 473 3528 et
495 3471 597 3530 Suada
619 3478 651 3527 et
673 3480 733 3528 tres
754 3471 879 3529 iuvenes
896 3470 1023 3546 Phrygii,
1047 3475 1173 3545 quorum
1196 3488 1274 3529 unus
1295 3472 1450 3530 cochleam

304 3575 398 3631 tubae
422 3573 491 3632 loco
515 3573 616 3632 habet.
740 3572 742 3576 ’

336 3684 340 3695 ’
402 3675 438 3733 In
459 3683 545 3750 parte
566 3675 670 3733 media
691 3676 821 3735 eaedem
835 3693 990 3752 personae
1012 3683 1173 3734 occumrnt
1195 3682 1288 3749 atque
1311 3675 1344 3732 in
1364 3681 1449 3749 parte

304 3776 460 3852 superiore
484 3777 563 3835 vasis
587 3776 712 3853 prioris;
734 3777 766 3834 in
787 3785 875 3853 parte
897 3776 998 3834 infima
1012 3775 1142 3834 Perseus
1164 3793 1265 3836 rursus
1288 3793 1356 3834 cum
1370 3772 1449 3832 Ceto

303 3887 421 3955 pugnat
436 3895 539 3937 coram
553 3881 675 3938 duabus
686 3877 868 3938 Nereidibus
891 3888 922 3937 et
934 3877 1041 3954 Scylla,
1064 3878 1148 3936 cuius
1164 3888 1270 3935 venter
1284 3877 1449 3936 duodecim

303 3997 412 4039 canum
431 3980 583 4056 capitibus
606 3980 745 4056 cingitur.

403 4083 432 4143 5.
455 4080 614 4157 Amphora
635 4082 750 4141 ibidem
773 4091 895 4159 reperta
918 4082 987 4142 coll.
1013 4082 1188 4159 Saurangel.
1213 4099 1242 4141 n.
1266 4083 1306 4140 24
1327 4079 1377 4154 Η.,
1399 4081 1450 4140 ed.

302 4183 569 4244 Raoul·Rochette
593 4201 676 4246 mon.
698 4183 780 4243 inea.
804 4187 867 4244 tab.
892 4188 941 4245 41.

402 4285 436 4344 In
463 4293 550 4360 parte
585 4284 687 4344 infima
709 4286 912 4345 Andromeda
933 4287 1056 4363 alligata
1079 4295 1127 4345 est
1150 4281 1263 4364 (utrum
1286 4283 1386 4343 arbori
1408 4300 1450 4341 an

1620 2516 1659 2556 Ἴ
