3334 5042
757 325 790 382 13

572 556 576 561 .
612 504 763 577 Speculum
786 507 938 565 etruscum.

295 624 325 682 4.
348 622 405 683 Ed.
432 620 706 679 Gerhard-Koerte
733 621 767 679 E.
791 620 841 694 Sp.
868 619 895 675 V
920 621 969 679 67.
1286 700 1289 707 Ι

296 720 335 779 D.
358 721 492 780 Medusa
514 717 642 798 (Metus)
664 722 791 797 pulchra
811 721 843 778 in
869 736 944 778 saxo
958 719 1079 792 dormit,
1103 738 1195 795 quam
1214 721 1342 781 Perseus

197 816 337 901 (Pherse)
360 822 459 898 capite
481 823 594 881 reflexo
622 823 822 900 progrediens
845 822 924 880 falce
947 823 1034 898 petit.
1066 822 1093 883 S.
1111 822 1248 882 Minerva
1263 820 1341 901 (Me-

196 920 275 1001 nrfa)
298 925 397 982 sedet.
555 932 558 935 '
672 932 675 937 '

507 1060 691 1121 Scarabueus
714 1065 849 1121 etruscus
869 1062 1027 1134 antiquior.

293 1171 321 1229 5.
344 1171 402 1229 Ed.
426 1170 465 1230 M.
489 1170 519 1230 d.
542 1169 565 1228 Ι.
589 1168 632 1226 VI
656 1170 705 1243 24,
730 1171 748 1228 3
771 1168 810 1228 cf.
833 1171 870 1229 A.
894 1171 923 1228 d.
946 1168 969 1229 I.
997 1170 1077 1230 1858
1098 1189 1127 1246 p.
1149 1171 1219 1229 386.

294 1269 425 1328 Perseus
449 1271 503 1328 alis
532 1271 693 1347 pedalibus
729 1279 761 1328 et
781 1270 877 1346 harpe
900 1279 1033 1328 armatus
1057 1288 1076 1327 a
1101 1272 1130 1330 d.
1154 1272 1275 1330 accedit
1294 1290 1341 1330 ca·

192 1374 256 1449 pite
277 1373 398 1432 reflexo,
422 1374 450 1433 S.
494 1372 626 1431 Medusa
654 1374 743 1430 sedet
778 1373 932 1430 dormiens
968 1373 1082 1447 capillis
1109 1373 1272 1448 incomptis
1296 1382 1342 1431 tu·

195 1476 263 1533 nica
286 1475 386 1552 longa.

235 1635 237 1638 ,
690 1585 844 1645 Nummus.

297 1697 325 1754 6.
344 1694 381 1754 Ν.
404 1693 574 1752 Daldianus
594 1694 743 1752 Gordiani
759 1693 811 1762 ΙΙΙ,
835 1695 886 1754 ed.
901 1692 1042 1752 Mionnet
1057 1696 1156 1754 deser.
1171 1696 1270 1773 suppl.
1283 1695 1343 1754 VII
1436 1770 1439 1779 .

197 1797 257 1857 tab.
281 1795 324 1854 XI
342 1798 370 1865 1,
393 1815 417 1856 v.
441 1796 543 1869 Sallet‚
569 1795 720 1881 Zeitschr3
740 1795 759 1855 f.
783 1794 875 1855 Num.
890 1795 919 1850 V
941 1814 970 1870 p.
988 1797 1057 1857 105.
1103 1797 1139 1856 cf.
1155 1796 1257 1866 Head,
1272 1798 1341 1857 hist.

197 1916 309 1958 numm.
331 1916 360 1973 p.
382 1899 451 1958 549.
500 1895 503 1901 '

293 1998 374 2057 Infra
395 2000 536 2056 arborem
551 2006 612 2056 tres
628 1999 786 2056 dormiunt
802 1999 949 2072 virgines;
972 2000 1015 2055 ad
1036 1999 1163 2074 primam
1187 2017 1206 2055 a
1228 2001 1259 2059 d.
1271 1998 1343 2057 Per·

197 2117 268 2158 seus
289 2101 390 2158 nudus
413 2101 543 2169 accedit,
569 2100 621 2176 qui
643 2100 719 2175 quid
731 2100 861 2175 gesserit
877 2118 940 2158 nou
962 2100 1022 2158 iam
1038 2101 1220 2176 agnoscitur.
1244 2101 1343 2176 Supra

196 2201 326 2275 virgines
341 2202 448 2277 genius
464 2203 561 2260 alatus
577 2195 698 2279 (Head:
716 2195 861 2279 Hypnus)
876 2202 1038 2277 prominet.
1075 2201 1165 2275 Quae
1178 2210 1342 2277 praeterea

196 2302 314 2376 sculpta
337 2309 408 2358 sunt
429 2302 574 2360 sacellum
597 2302 746 2377 Apollinis
770 2310 802 2360 et
823 2319 918 2378 equus
941 2302 1015 2360 nihil
1037 2302 1153 2362 habent
1179 2320 1341 2362 commuue

198 2418 267 2459 cum
286 2419 401 2461 scaena
424 2399 559 2463 nostral.

456 2646 487 2722 Ι.
527 2647 684 2725 Perseus
708 2645 912 2724 Medusam
937 2647 1073 2724 caedit.

321 2847 324 2853 ,
435 2784 639 2861 Monumenta
660 2804 740 2862 quae
763 2804 800 2843 ex
823 2785 928 2843 litteris
950 2782 1098 2844 novimus.

293 2922 320 2965 a.
339 2902 379 2961 -A
406 2901 551 2981 Bathyele
580 2904 727 2979 Magnete
756 2904 786 2960 in
813 2903 891 2960 solio
920 2903 1086 2979 Amyclaeo
1110 2899 1271 2979 Περσέως
1307 2918 1343 2964 τε

195 3001 234 3066 τὸ
256 3001 351 3080 ἔργον
371 3002 541 3081 πεποίηται
562 3001 600 3065 τὸ
623 3001 659 3080 ἐς
683 2999 869 3065 Μέδουσαν.
914 3003 1001 3064 Paus.
1023 3004 1066 3062 III
1092 3006 1139 3075 18,
1165 3006 1211 3065 ll.

296 3108 326 3167 b.
349 3106 438 3166 Paus
454 3106 482 3164 11
498 3108 547 3181 27,
565 3109 593 3165 2.
626 3106 662 3162 In
684 3105 761 3163 solio
777 3105 911 3181 Asclepii
926 3105 1081 3181 Epidaurii
1096 3105 1339 3180 a·Thrasymede

195 3209 330 3283 sculptus
353 3218 418 3267 erat
438 3203 587 3283 Περσεὺς
608 3202 741 3282 ἀφελὼν
763 3203 821 3280 τὴν
848 3201 1023 3281 Μεδούσης
1045 3202 1200 3281 κεφαλήν.

300 3328 323 3371 c.
349 3311 422 3370 Luc.
446 3312 487 3368 de
513 3312 608 3368 domo
631 3311 670 3369 25
694 3308 840 3367 describit
870 3310 1029 3384 picturam,
1061 3309 1092 3365 in
1125 3326 1184 3383 qua
1210 3308 1340 3367 Perseus

193 3409 355 3470 Medusam
388 3411 508 3479 caedit,
542 3410 641 3486 capite
674 3409 787 3467 reflexo
821 3410 978 3468 Minervae
1013 3418 1132 3469 scutum
1165 3419 1341 3486 protentum

196 3511 357 3586 aspiciens.

294 3616 324 3675 d.
348 3612 541 3690 Aphthonius
569 3612 728 3690 Progymn.
752 3631 782 3689 p.
807 3615 867 3673 107
889 3611 927 3668 W
948 3606 1002 3692 (48
1026 3606 1091 3691 Sp.)
1116 3622 1222 3671 narrat
1254 3630 1288 3671 se
1309 3613 1341 3670 in

194 3715 272 3773 arcis
295 3716 522 3774 Alexandrinae
544 3715 661 3791 porticu
683 3715 755 3773 licta
778 3713 891 3773 vidisse
913 3711 953 3775 τὰ
976 3710 1134 3791 Περσέως
1157 3709 1338 3792 ἀθλήματα.

584 3899 786 3960 Monumenta
807 3908 928 3958 servata

493 4014 527 4098 α)
551 4019 633 4078 Artis
654 4020 815 4080 archaicae
837 4028 1044 4079 monumenta.

294 4135 420 4197 Perseus
441 4138 621 4214 plerumque
644 4139 787 4196 imberbis
810 4138 975 4196 Medusam
1005 4146 1177 4197 currentem
1200 4156 1293 4197 manu
1316 4157 1339 4201 e.

194 4237 439 4316 comprehendit,
462 4240 491 4298 d.
515 4240 644 4297 cultrum
669 4240 732 4297 sive
754 4239 892 4313 gladium
911 4239 989 4297 collo
1011 4238 1076 4296 eius
1098 4240 1251 4300 admovet.

293 4375 304 4415 ¹
323 4379 386 4430 Cum
406 4378 456 4429 hae
477 4395 570 4430 scaena
589 4380 777 4431 conserendum
796 4386 836 4457 est
854 4380 930 4431 etiam
948 4396 994 4429 vas
1013 4380 1051 4431 K.
1070 4377 1112 4433 23.
