3334 5042
809 269 829 333 h

204 546 206 549 ι
233 464 469 529 Cerere-Finis
497 460 820 550 (Demeter-Erinys)
848 464 1002 529 Arionem
1030 462 1211 549 (Erionem)
1241 486 1361 549 equum
1371 464 1404 550 ¹),

233 595 275 636 ex
305 572 412 657 Alopa
446 571 672 659 Hippothoum
714 574 770 658 qui
805 593 909 655 equae
942 571 1046 636 ubera
1081 574 1212 636 suxisse
1244 572 1357 652 fertur,
1388 595 1405 636 e

231 678 427 765 Melanippa,
444 701 549 764 „equa
560 680 685 763 nigra“,
699 679 897 743 Boeotorum
909 702 1066 764 proavum
1081 682 1235 765 genuisse
1249 680 1395 763 dicituro
1476 708 1479 715 ·

232 786 341 872 Atque
381 787 508 873 Hippo,
551 790 690 873 ,equn,“
732 786 773 850 ab
814 784 917 851 Aeolo
957 809 1148 873 compressa
1186 786 1406 873 Melanippen,

191 946 193 951 ,
237 915 377 979 „equam
401 896 559 979 nigram,“
586 895 722 979 peperit.
771 892 864 973 Quae
889 915 1089 979 quamquam
1117 903 1233 980 postea
1261 895 1406 980 speciem

231 1002 393 1086 equinam,
411 1023 452 1065 ne
469 1024 488 1064 a
505 1000 647 1065 Chirone
665 1012 756 1087 patre
773 1009 1019 1086 agnosceretur,
1038 999 1100 1064 sibi
1124 1000 1309 1064 adscivisse
1323 1001 1406 1065 ‘dici-

232 1117 294 1188 tur,
319 1117 428 1172 tamen
453 1109 486 1172 in
509 1109 615 1194 prima
639 1107 770 1172 fabulae
806 1108 913 1172 forma
949 1109 1019 1171 sine
1048 1107 1147 1171 dubio
1183 1109 1246 1171 iam
1275 1109 1406 1194 inipso

233 1214 405 1301 complexu
431 1238 516 1301 equa
539 1216 644 1298 fuiti).
694 1217 801 1301 Atque
826 1218 922 1279 etiam
946 1213 1071 1280 Aeolus
1098 1215 1200 1280 forma
1225 1217 1301 1301 equi
1317 1238 1406 1303 prae·

213 1323 320 1391 ‚ditus
344 1323 450 1388 fuerit.
484 1324 530 1388 Ut
545 1324 668 1387 Boreas
693 1329 768 1414 ἵππῳ
793 1327 950 1415 εἰσάμενος
972 1329 1156 1417 κυανοχαίτῃ
1180 1322 1230 1407 (Π.
1246 1324 1312 1387 XX
1330 1325 1407 1408 224)

233 1453 276 1494 ex
303 1433 395 1518 equis
425 1431 621 1516 quibusdam
657 1431 823 1495 mirabiles
859 1429 1066 1494 Erichthonii
1091 1453 1205 1517 equos,
1234 1431 1406 1517 Zephyrus
1461 1446 1464 1453 ’“

233 1560 275 1601 ex
296 1538 442 1624 Harpyia
463 1537 612 1623 Podarge
638 1540 714 1624 equi
738 1538 850 1602 habitu
870 1538 984 1602 induta
1005 1539 1087 1603 duos
1111 1561 1215 1624 equos
1240 1537 1407 1603 Achilleos

232 1644 282 1729 (Il.
305 1645 388 1710 XVI
414 1645 575 1732 lhOthl)
599 1646 756 1729 genuisse
780 1646 958 1729 traditum).

320 1772 563 1859 Nonnunquam
587 1780 695 1836 autem
719 1772 839 1835 Furiae
867 1770 940 1837 loco
964 1772 1122 1859 Harpyia,
1151 1770 1297 1858 Zephyri
1319 1773 1406 1859 Nep·

233 1890 331 1944 tunus
356 1878 547 1966 appellatur.
602 1880 711 1965 Atque
748 1882 845 1944 etiam
870 1881 1003 1945 nomina
1037 1880 1174 1943 deorum
1211 1881 1266 1966 qui
1301 1882 1408 1943 ventis
1497 1948 1499 1951 ,

232 1998 398 2072 praesunt,
428 1986 511 2052 alibi
535 1986 598 2051 alia
626 1988 813 2052 afferuntur.
864 1986 994 2053 Similes
1024 1997 1168 2050 ceterum
1197 1987 1353 2051 Indorum
1378 1998 1409 2051 et

233 2095 471 2160 Germanorum
495 2094 627 2160 fabulae
648 2098 824 2159 memoriae
849 2096 998 2182 proditae
1022 2104 1106 2158 sunt.
1145 2094 1275 2158 Etenim
1292 2096 1408 2159 Viras-

231 2211 286 2267 vat
315 2225 419 2289 equus
449 2226 466 2266 e
495 2202 557 2266 dea
585 2205 704 2290 equina
733 2224 817 2288 quae
849 2202 997 2288 Saranyh
1026 2203 1221 2284 nominatur,
1258 2201 1406 2286 Aqvinos

127 2353 132 2362 .
233 2313 355 2394 genuit,
370 2309 489 2396 quihus
505 2332 663 2395 equorum
678 2313 823 2396 speeiem
837 2310 941 2374 fuisse
957 2311 1019 2373 viri
1036 2308 1124 2373 docti
1140 2311 1211 2373 iure
1229 2319 1365 2373 censent
1375 2310 1408 2393 ⁵).

168 2408 170 2413 ⁴
233 2419 342 2503 Atque
366 2416 453 2481 illam
478 2417 634 2481 Indorum
659 2417 754 2482 deam
780 2417 920 2481 eandem
949 2439 1023 2481 esse
1052 2441 1091 2482 ac
1117 2416 1320 2482 Graecorum
1343 2417 1407 2480 Fu-

138 2550 148 2561 *
234 2526 314 2588 riam
332 2525 392 2589 Ad.
411 2525 511 2589 Kuhn
527 2526 694 2611 putavitss).
736 2525 943 2612 Quamquam
962 2535 1037 2589 sunt
1055 2529 1111 2612 qui
1123 2525 1209 2589 hanc
1222 2527 1408 2612 opinionem

233 2634 365 2696 minime
405 2632 586 2719 probentll.
650 2633 891 2698 Germanorum
930 2643 1037 2697 autem
1076 2635 1109 2696 in
1148 2632 1260 2697 fabula
1304 2654 1408 2718 equus

236 2739 413 2825 Gigantum
453 2742 508 2826 qui
533 2739 707 2806 Swadilfar
737 2743 931 2823 nominatur,
965 2741 1119 2815 elocio,
1145 2740 1207 2804 deo
1231 2743 1265 2804 in
1290 2762 1407 2825 equam

236 2871 405 2930 converso,
432 2847 641 2935 Sleipnirium
669 2851 792 2934 genuit,
823 2871 941 2934 equum
973 2848 1115 2912 Odhinio
1146 2847 1408 2932 gratissimumssl.

323 2955 393 3019 Nec
416 2979 494 3020 vcro
518 2954 647 3021 fabulas
672 2979 754 3042 quas
779 2956 876 3020 modo
893 2956 1068 3035 attulimus
1093 2965 1263 3042 poetarum
1279 2957 1411 3019 inventa

236 3061 345 3147 ossei)
369 3061 443 3128 luce
468 3062 587 3127 clarius
612 3074 670 3127 est.

324 3171 465 3234 Numina
489 3179 596 3235 autem
621 3170 806 3234 fabularum
835 3168 964 3234 illarum
993 3171 1127 3254 integris
1158 3191 1315 3255 equorum
1341 3192 1410 3233 cor-

236 3276 370 3363 poribus
393 3277 507 3341 induta
531 3288 615 3341 sunt.
664 3278 786 3342 Contra
814 3280 964 3364 superior
992 3300 1068 3371 pars
1092 3277 1250 3341 Medusae
1287 3260 1320 3341 in
1344 3300 1410 3341 am·

327 3492 347 3557 l)
368 3490 469 3543 Utrum
487 3490 579 3560 prima
607 3490 665 3544 eius
694 3490 805 3545 fabulae
833 3490 924 3545 forma
943 3492 1079 3544 Arcadiae
1108 3508 1145 3544 an
1165 3490 1298 3544 Boeotiae
1323 3489 1408 3542 ascri-

236 3580 331 3633 benda
350 3580 395 3649 sit,
415 3579 485 3633 nihil
504 3580 540 3633 ad
559 3596 609 3632 nos
627 3580 760 3648 pertinet.

328 3670 349 3735 2)
368 3688 393 3723 v.
415 3668 609 3734 Wilamowitz,
630 3669 738 3722 Grisch.
759 3669 844 3738 Trag.
865 3669 895 3722 ΙΙ
913 3688 939 3738 p.
960 3668 1012 3722 227
1031 3689 1059 3723 n.
1080 3670 1103 3720 l.

329 3759 349 3830 ¹³)
373 3758 415 3813 Cf.
436 3759 469 3812 R.
490 3757 641 3826 Wuensoh,
661 3758 714 3811 Rh.
735 3758 805 3812 Mus.
826 3758 915 3811 XLIX
936 3758 1029 3828 (1894)
1049 3778 1076 3827 p.
1096 3757 1144 3822 94;
1163 3777 1190 3827 p.
1211 3756 1336 3826 108s109.

326 3850 348 3921 4)
370 3849 410 3903 Cf.
431 3850 460 3902 Ε,
482 3849 590 3921 Hohde,
610 3848 661 3900 Rh.
683 3848 753 3901 Mus.
774 3848 795 3901 L
815 3848 909 3917 (1895)
928 3867 955 3917 p.
975 3849 1000 3902 4.
1236 3918 1237 3921 ¹

328 3940 348 4005 5)
369 3938 408 3993 Of.
429 3939 629 4009 Myriantheus,
651 3938 701 3992 Die
715 3938 817 4010 Aqvins
839 3939 932 4007 (1876)
952 3958 978 4008 p.
1000 3939 1014 3990 1
1035 3956 1077 4006 sq;
1096 3937 1267 4007 Oldenberg,
1282 3936 1410 4004 Religion

238 4031 286 4082 des
306 4028 386 4083 Veda
406 4028 497 4099 (1894)
517 4048 544 4099 p.
565 4028 599 4081 73
619 4046 658 4096 sq.
1065 4058 1066 4061 =

327 4119 347 4185 6)
367 4117 400 4172 In
429 4117 544 4186 egregia
570 4118 618 4170 illa
646 4118 843 4172 dissertatione
871 4135 942 4186 quae
971 4116 1208 4185 Sarapyu-Erinys
1235 4115 1406 4180 inscribitur,

239 4209 344 4266 Ztschr.
365 4207 427 4261 fuer
445 4206 534 4274 vergl.
554 4207 677 4276 Sprchw.
698 4206 711 4260 l
731 4207 823 4277 (1853)
844 4226 871 4276 p.
891 4207 943 4260 439
963 4225 1004 4275 sq.

329 4300 349 4365 ⁷)
370 4297 411 4351 Of.
432 4297 463 4352 Ο.
486 4297 608 4368 Gruppe,
630 4297 737 4351 Grieoh.
753 4298 838 4352 Kulte
851 4299 909 4351 und
918 4297 1037 4366 Mythen
1055 4295 1068 4348 I
1087 4295 1179 4362 (1887)
1198 4313 1224 4364 p.
1247 4294 1299 4349 100
1316 4313 1344 4348 n.
1364 4294 1411 4362 155

240 4387 269 4441 E.
290 4387 380 4450 Knoll,
400 4388 477 4442 Stud.
499 4408 546 4441 zur
566 4389 675 4442 aeltest.
699 4388 789 4440 Kunst
807 4388 835 4440 in
858 4387 1065 4441 Griechonland
1085 4385 1176 4454 (1893)
1196 4403 1225 4454 p.
1244 4384 1287 4437 31.

329 4477 350 4545 ⁸)
371 4477 411 4531 Of.
430 4497 457 4534 v.
479 4478 569 4542 Hahn‚
590 4464 805 4545 Sagwissensch.
826 4476 906 4531 Stud.
926 4475 1018 4545 (1816)
1038 4494 1065 4546 p.
1086 4474 1145 4529 139.

329 4569 349 4635 Β)
370 4566 410 4622 Of.
431 4567 462 4621 Ε.
482 4566 571 4631 Knoll,
591 4566 659 4620 ibid.
678 4585 704 4637 p.
725 4566 766 4620 20.
