3334 5042
783 317 799 375 ’9

387 600 429 677 C.
470 600 601 674 Danae
627 597 677 672 ad
704 597 859 694 Seriphi
885 623 993 672 oram
1020 597 1191 697 appulsa.
1289 710 1291 714 Α

461 752 663 811 Monumenta
683 770 762 829 quae
784 771 822 812 ex
844 752 952 812 litteris
975 752 1123 815 novimus.

325 909 351 949 a.
374 890 541 951 Praxiteles
556 889 720 967 sculpsisse
735 890 846 947 dicitur
857 890 1026 947 secundum
1041 891 1260 964 epigrammata
1272 890 1367 952 Anth.

222 992 272 1053 Gr.
294 992 337 1050 III
359 995 409 1062 91,
432 995 451 1050 4
474 990 581 1064 (Palat.
603 990 647 1048 VI
670 986 744 1067 317)
776 999 808 1047 et
829 990 874 1047 IV
891 993 961 1068 186,
979 992 1038 1051 315
1064 985 1206 1068 (Plauud.
1221 992 1264 1050 IV
1280 986 1365 1071 262),

222 1094 354 1152 Danaen
372 1092 519 1169 nymphas
542 1092 635 1151 Pana.
682 1091 783 1151 Possis
805 1093 942 1166 cogitare
967 1092 1008 1149 de
1025 1090 1136 1150 Danae
1153 1113 1171 1152 a
1186 1093 1368 1153 Nereidibus

220 1188 271 1273 (cf.
294 1194 368 1257 Lur.
401 1195 471 1253 dial.
497 1212 573 1254 mar.
599 1189 649 1271 12)
678 1196 720 1252 ad
742 1193 859 1268 Seriphi
890 1211 975 1252 oram
1009 1194 1146 1270 appulsa.
1190 1195 1280 1254 Tunc
1302 1195 1367 1253 Pan

220 1297 327 1356 aderat
349 1299 389 1356 ad
412 1306 523 1355 terram
543 1296 750 1355 indicandam.

320 1399 349 1458 b.
373 1400 500 1456 Artemo
532 1398 628 1475 pinxit
654 1386 803 1456 ‘Danaen
829 1397 1009 1455 mirantibus
1043 1415 1112 1457 eam
1139 1394 1362 1474 praedonibus'

219 1500 294 1560 Plin.
319 1502 368 1571 35,
392 1502 462 1560 139.

614 1652 815 1711 Monumenta
838 1660 968 1713 servata.

624 1771 702 1831 Vasa
724 1771 805 1844 picta
826 1773 877 1846 ίῳ.
899 1773 963 1831 rub.

320 1910 346 1966 1.
375 1907 511 1984 Scyphns
534 1905 669 1965 Nolanus
704 1924 780 1966 mus.
815 1904 944 1981 Neapol.
969 1925 999 1965 n.
1023 1907 1105 1966 3140
1126 1905 1166 1965 H.
1201 1908 1250 1967 ed.
1284 1907 1363 1969 Mus.

222 2007 314 2067 Borb.
336 2008 365 2065 Π
386 2011 435 2087 30,
456 2008 485 2067 4.

321 2110 367 2167 Ex
390 2128 461 2169 arca
483 2117 588 2187 aperta
610 2110 784 2185 prominent
800 2108 909 2168 Danae
928 2127 1021 2168 manu
1037 2110 1067 2168 d.
1083 2110 1124 2167 ad
1146 2128 1169 2169 s
1191 2119 1364 2168 monstrans

224 2219 256 2268 et
278 2210 408 2269 Perseus
430 2228 505 2287 puer
526 2229 651 2269 manum
673 2211 791 2271 tollens.
826 2210 864 2271 D.
883 2212 973 2269 arbor
995 2212 1178 2269 adumbrata
1197 2220 1253 2269 est.
1287 2210 1364 2269 Cum

223 2310 333 2397 Danae
355 2321 387 2369 et
408 2311 537 2370 Perseus
569 2311 619 2369 hic
643 2314 722 2370 inter
749 2329 783 2369 se
812 2311 1025 2386 colloquantur
1050 2328 1108 2368 nec
1141 2312 1290 2370 rationem
1311 2312 1364 2369 ha-

224 2417 319 2473 beant
340 2415 465 2472 aliorum
485 2414 652 2484 hominum,
669 2431 804 2499 'necesse
824 2422 872 2473 est
892 2413 1023 2471 Danaen
1046 2421 1207 2483 servatam,
1231 2431 1295 2471 non
1318 2414 1363 2471 in·

222 2517 407 2575 eludendam
428 2516 543 2592 pictam
565 2533 641 2576 esse.
702 2550 704 2555 ,

321 2621 349 2678 2.
373 2618 463 2677 Vasis
485 2618 687 2692 fragmentum
710 2617 898 2676 collectionis
914 2616 1163 2676 Hamiltonianae
1177 2618 1364 2677 delineatum

221 2740 323 2798 neque
345 2739 417 2779 vero
439 2722 556 2779 editum
579 2740 598 2778 a
620 2720 817 2779 Tischbeinio
841 2720 878 2779 cl.
894 2719 1109 2795 Heydemann‚
1131 2721 1167 2780 A.
1181 2721 1206 2798 J.
1222 2720 1237 2777 Ι
1251 2740 1281 2797 p.
1301 2723 1360 2780 312

225 2842 254 2882 n.
277 2824 327 2884 82.
349 2824 400 2882 ed.
423 2821 786 2896 Dubois-Maisonneuve‚
811 2822 922 2882 introd.
947 2821 1020 2880 XVI
1043 2823 1069 2881 3.

278 2984 280 2989 ,
318 2924 354 2981 In
377 2941 449 2982 arca
471 2931 576 3000 aperta
599 2922 707 2981 Danae
735 2931 766 2980 et
786 2940 862 2999 puer
895 2923 936 2979 ad
965 2941 989 2981 s.
1013 2912 1105 2990 stant,
1138 2922 1182 2980 eis
1215 2923 1361 2982 adversus

219 3033 284 3083 erat
298 3024 396 3082 homo
419 3024 540 3082 innixus
563 3031 694 3099 sceptro,
714 3023 799 3081 cuius
815 3022 943 3098 vestigia
957 3031 1083 3082 restant.
1127 3021 1217 3081 Hane
1238 3040 1364 3099 quoque

217 3126 375 3202 picturam,
397 3142 467 3182 cum
489 3125 568 3182 desit
587 3133 693 3198 gestus
716 3125 905 3200 imprecandi
927 3133 959 3182 et
982 3142 1052 3182 cum
1075 3122 1203 3181 Perseus
1225 3125 1363 3182 uoniam

219 3235 357 3303 portetur
389 3245 409 3284 a
430 3226 548 3301 Danae,
579 3225 695 3300 Seriphi
729 3244 821 3304 quam
844 3226 932 3301 Argis
967 3225 1119 3283 collocare
1152 3225 1264 3285 malim.
1308 3225 1362 3283 Vir

219 3329 334 3388 deinde
357 3328 558 3405 appellandus
581 3336 630 3386 est
652 3326 835 3404 Polydectes
858 3328 923 3385 sive
945 3327 1062 3405 Dictys,

555 3490 557 3495 .
607 3509 747 3574 Picturoe
769 3515 969 3588 Pompeianae.

319 3649 408 3722 Quae
432 3658 600 3725 sequuntur
622 3665 676 3705 sex
697 3649 836 3724 picturae
860 3648 938 3706 inter
961 3666 994 3705 se
1017 3658 1088 3707 sunt
1116 3649 1299 3707 simillimae:
1339 3667 1362 3710 s,

219 3751 275 3808 sub
297 3768 371 3827 rupe
394 3751 551 3826 pendente
566 3750 677 3808 Danae
694 3751 783 3810 sedet
795 3749 942 3809 Perseum
953 3750 1101 3810 infantem
1113 3751 1230 3826 gremio
1243 3760 1362 3825 tenens,

219 3852 257 3910 ab
279 3852 374 3911 altera
395 3860 483 3926 parte
504 3853 673 3928 piscatores
693 3860 787 3930 stant,
810 3870 940 3928 quorum
956 3870 1101 3911 uumerus
1117 3853 1264 3923 variatur;
1286 3853 1363 3911 inter

218 3951 273 4009 hos
296 3961 328 4009 et
349 3950 481 4010 Danaen
501 3969 572 4011 arca
593 3953 787 4028 conspicitur.

319 4056 346 4112 3.
371 4052 401 4110 S.
426 4056 472 4112 76.

319 4154 445 4213 Danaes
469 4155 564 4215 facies
587 4157 725 4215 dolorem
747 4155 896 4232 exprimit.
941 4154 1129 4215 Piscatorum
1153 4156 1266 4233 primus
1291 4163 1363 4212 ante

218 4273 323 4314 arcam
343 4262 404 4313 stat
424 4256 528 4314 habitu
552 4259 674 4326 rustico,
696 4275 788 4315 manu
805 4258 834 4317 d.
856 4257 1018 4315 canistrum
1035 4266 1156 4325 tenens,
1175 4276 1198 4317 s.
1222 4275 1284 4314 rem
1298 4275 1362 4314 non

216 4359 276 4415 iam
301 4359 547 4432 agnoscendam
583 4359 661 4417 alter
686 4360 765 4417 inter
787 4359 869 4417 hunc
893 4368 925 4416 et
947 4359 1078 4416 Danaen
1106 4369 1169 4418 stat
1199 4370 1291 4437 caput
1320 4359 1362 4417 ad
