3334 5042
837 262 881 326 30

273 460 468 540 nominatur,
492 459 692 544 Proserpina
716 472 814 546 eaput
840 459 1053 545 Gorgoneum
1078 461 1231 547 gestat¹)3
1262 461 1349 546 apud
1374 461 1445 524 Ari·

274 567 466 652 stophanem
505 567 585 631 Ran.
631 568 696 631 475
721 588 767 652 sq.
810 574 964 660 Γοργόνες
1004 573 1168 660 Τιθράοιαι
1213 581 1341 633 atroces
1378 570 1446 631 oroi

273 674 397 758 figurae
423 682 512 753 sunt3
537 675 636 759 Argis
662 688 760 760 caput
784 675 996 761 Gorgoneum
1021 674 1148 740 infore
1174 675 1336 762 sepultum
1362 681 1445 758 οιαὶ,

274 782 415 845 Perseus
428 781 601 845 Medusam
616 781 849 848 interfecturus
865 782 944 848 Orci
960 783 1055 868 galea
1072 783 1282 856 induebatur,·
1296 789 1445 876 Γοργύρα,

275 912 294 952 a
318 911 382 974 qua
405 911 487 953 voce
512 889 645 954 brevior
672 889 778 954 forma
801 897 910 983 Pop-soi
940 891 1038 955 ducta
1070 913 1146 954 esse
1176 891 1315 968 videtur,
1340 891 1447 956 Ache·

273 997 376 1061 rontis
400 995 516 1061 mulier
539 1000 739 1081 nominatur3
776 999 927 1062 conferas
956 1009 1128 1085 praeterea
1157 999 1256 1083 Verg,
1286 1000 1369 1063 Aen.
1399 998 1446 1063 Vl

274 1103 349 1186 289,
392 1103 583 1189 „Apollod.“
629 1105 707 1169 bibl.
739 1106 772 1170 [Ι
809 1107 840 1188 5,
872 1107 956 1192 122).
1004 1107 1112 1192 Atque
1160 1128 1273 1171 orcum
1323 1105 1447 1171 habita·

275 1217 395 1278 tionem
428 1214 619 1300 Gorgonum
655 1215 835 1302 putandum
872 1238 947 1279 esse
984 1217 1081 1280 etiam
1115 1214 1195 1279 illud
1228 1214 1351 1279 indicio
1387 1224 1447 1297 est,

275 1322 363 1406 quod
387 1321 467 1385 Hes.
493 1322 616 1407 Theog.
643 1324 707 1387 275
739 1329 865 1420 ἐσχατιῇ
900 1330 971 1412 πρὸς
1000 1330 1108 1404 νυκτὸς
1135 1325 1255 1387 morari
1284 1323 1447 1388 dicuntur.
1509 1374 1511 1377 .

276 1428 349 1509 Quo
374 1428 447 1493 loco
471 1434 523 1510 νύξ
551 1452 618 1494 vox
646 1452 724 1493 sane
756 1428 837 1495 nihil
871 1432 934 1494 nisi
963 1430 1127 1516 quandam
1163 1429 1244 1494 caeli
1279 1431 1448 1514 regionem

277 1535 449 1620 significat,
476 1537 535 1601 sed
559 1536 727 1601 Hesiodus
754 1561 791 1602 ea
815 1561 881 1602 non
909 1560 991 1603 usus
1021 1548 1120 1620 esset,
1157 1539 1185 1601 si
1214 1537 1387 1620 Gorgones
1415 1540 1448 1600 in

276 1643 472 1708 occidentali
496 1643 666 1709 beatorum
696 1645 774 1709 sede
803 1655 974 1710 versantes
1003 1646 1163 1724 finxisset,
1194 1647 1287 1710 cuius
1316 1645 1447 1728 quidem

277 1755 508 1837 sempiternam
546 1754 754 1816 serenitatem
783 1754 950 1839 propriam
978 1753 1082 1816 fuisse
1111 1752 1347 1844 etucandorem
1375 1775 1448 1839 per·

276 1869 411 1944 petuum
439 1847 624 1946 praedicari
653 1869 789 1925 constat.
843 1860 887 1925 At
916 1860 1130 1947 Hesperides,
1163 1882 1300 1947 quarum
1328 1859 1448 1923 ibidem

277 1965 476 2031 domicilium
500 1977 559 2050 est,
584 1968 698 2033 Noctis
722 1968 808 2032 filiae
833 1966 991 2033 feruntur.
1161 1978 1162 1981 ’

365 2074 436 2138 Nec
459 2097 538 2139 vero
563 2079 703 2168 μαλακὸς
725 2084 837 2168 λειμών
861 2085 917 2140 aut
940 2079 1018 2161 &qu
1043 2081 1156 2167 οἰαρινά
1181 2076 1355 2161 quicquam
1376 2097 1449 2160 pro·

277 2180 401 2264 hibent,
418 2184 592 2268 quominus
610 2182 784 2268 Gorgones
808 2185 842 2247 in
868 2206 943 2248 orco
968 2192 1134 2247 morantes
1158 2182 1331 2267 fingantur.
1366 2183 1450 2246 Nam

278 2289 411 2353 deorum
437 2289 550 2354 hortus
575 2300 608 2353 et
630 2293 758 2377 piorum
783 2290 882 2355 sedes
906 2302 939 2355 et
969 2312 1066 2356 orcus
1097 2290 1186 2354 haud
1213 2313 1287 2354 raro
1317 2290 1450 2354 confun-

277 2396 407 2479 duntur,
431 2406 467 2461 ut
490 2407 654 2484 postremo
678 2400 805 2484 piorum
830 2397 1029 2463 domicilium
1052 2401 1156 2483 ipsius
1181 2399 1247 2462 orei
1270 2382 1348 2484 pars
1364 2397 1451 2461 facta

257 2505 359 2588 sin).
407 2503 473 2569 Gur
501 2514 609 2569 autem
643 2504 698 2569 illo
727 2506 866 2570 Hesiodi
889 2505 962 2570 loco
987 2529 1005 2570 e
1032 2505 1132 2569 rebus
1156 2505 1324 2569 beatorum
1362 2505 1451 2591 sedis

277 2613 418 2698 propriis
457 2613 529 2698 ipse
568 2620 707 2704 μαλακὸς
742 2620 854 2702 λειμὼν
887 2615 1085 2687 nominetur,
1131 2612 1305 2697 singularis
1351 2634 1451 2677 causa

279 2742 354 2785 esse
378 2721 519 2785 videtur.
566 2720 740 2785 Medusam
764 2723 852 2785 enim
881 2724 1037 2807 equinam
1065 2744 1085 2784 a
1107 2722 1259 2807 Neptuno
1291 2742 1375 2806 equo
1405 2721 1475 2789 vi-,

279 2829 390 2891 tiatam
414 2850 490 2892 esse
514 2828 665 2892 vidimus.
715 2827 813 2909 Quod
836 2831 870 2893 in
893 2839 986 2915 prato
1012 2828 1153 2913 quodam
1183 2828 1304 2893 factum
1333 2850 1409 2891 esse
1434 2849 1451 2890 e

279 2933 400 2999 fabulis
429 2933 589 3000 similibus
620 2935 841 3021 colligendum
870 2945 929 2999 est.
976 2935 1016 2998 In
1044 2944 1137 3021 prato
1166 2938 1252 2999 enim
1280 2935 1452 3021 Neptunus

280 3066 385 3129 equus
410 3046 607 3129 compressit
636 3046 789 3131 equinam
814 3042 970 3108 Cererem
981 3044 1124 3107 -Furiam
1152 3043 1347 3125 (Pausanias
1371 3042 1453 3105 VlII

279 3152 333 3233 25,
357 3148 405 3236 4),
429 3161 604 3235 pascentes
620 3150 825 3215 Erichthonii
843 3173 944 3236 equas
964 3152 1086 3214 Boreas
1104 3151 1244 3235 equinus
1262 3155 1453 3242 βοσκομένας

279 3257 376 3321 saluit
399 3257 450 3341 (Il.
474 3258 540 3322 XX
566 3259 656 3340 223)3
692 3258 874 3344 Harpyiam
906 3258 1079 3342 Podargen
1112 3263 1300 3350 βοοκομένην
1331 3265 1454 3345 λειμῶνι

279 3374 361 3458 παρὰ
386 3371 455 3456 ῥόον
473 3370 635 3434 Ὠκεανοῖο
659 3366 832 3451 Zephyrus
849 3364 897 3449 (ll.
915 3365 998 3429 XVI
1017 3366 1105 3447 151).
1150 3365 1316 3451 Harpyiae
1345 3374 1453 3426 autem

280 3476 313 3536 in
338 3484 485 3537 extrema
509 3473 690 3537 occidentis
714 3475 848 3557 regione
873 3472 1019 3536 habitant
1075 3471 1241 3552 Quoniam·
1255 3472 1351 3535 etiam
1367 3471 1453 3556 Nep-

281 3592 394 3644 tunum
420 3590 452 3644 et
466 3579 638 3644 Medusam
663 3582 693 3643 in
719 3590 811 3665 prato
836 3579 913 3644 olim
938 3583 1046 3644 coisse
1069 3602 1128 3666 pro
1153 3589 1241 3643 certo
1266 3577 1454 3642 habendum

282 3697 342 3770 est,
366 3687 534 3761 fabulain
558 3698 705 3763 extrema
729 3687 911 3751 occidentis
936 3697 1028 3774 parte
1053 3686 1211 3752 collocata
1238 3689 1345 3772 ipsum
1373 3683 1454 3748 illud

281 3805 410 3881 pratum
435 3818 508 3860 cum
522 3792 611 3859 'arvo
636 3796 668 3858 in
692 3796 818 3881 piorum
844 3794 923 3859 sede
948 3797 1009 3858 sito
1034 3792 1130 3857 facile
1147 3794 1324 3879 exaequari
1340 3792 1452 3878 potuit.

283 3901 394 3983 Quare
419 3906 448 3967 si
470 3906 540 3989 ipse
566 3925 702 3989 campus
727 3903 817 3966 sedis
841 3904 968 3989 piorum
992 3902 1032 3966 ab
1058 3902 1205 3965 Hesiodo
1229 3901 1371 3985 affertur,
1388 3921 1454 3963 me-

282 4012 385 4074 moria
408 4013 492 4096 prati
515 4013 549 4073 in
574 4033 638 4097 quo
662 4011 833 4096 Neptunus
859 4020 891 4074 et
913 4010 1054 4075 Medusa
1078 4031 1216 4095 corpora
1239 4009 1344 4072 ferina
1377 4008 1454 4069 mis·

283 4129 431 4195 cuerunt,
457 4128 653 4182 conservata
677 4140 752 4181 esse
776 4116 946 4202 videtur4).

371 4298 391 4362 ν
411 4295 452 4373 or.
473 4295 586 4349 Maxim.
607 4294 712 4361 Meyer,
734 4293 815 4347 Arcu.
834 4293 932 4347 Jahrb.
947 4280 1021 4344 ‘vm
1040 4291 1132 4362 (1893)
1152 4311 1180 4360 p.
1199 4290 1253 4343 200
1271 4309 1298 4343 n.
1323 4288 1367 4342 38.

373 4388 394 4450 ²)
414 4388 521 4453 nonde,
542 4385 663 4453 Psyche?
681 4382 711 4436 Il
729 4401 756 4452 p.
776 4383 837 4436 408.

374 4479 395 4540 ⁸)
414 4496 441 4532 ν.
464 4475 655 4540 Wilamowitz,
675 4471 958 4540 Heraet.211p.97;
979 4470 1130 4537 Dieterioh,
1153 4469 1222 4523 Nek.
1240 4487 1268 4540 p.
1288 4468 1331 4525 23.

374 4571 396 4637 ⁴)
416 4567 458 4624 cf.
478 4564 670 4634 Milehhoefsr,
689 4562 837 4634 Anfaenge
856 4580 883 4630 p.
903 4561 946 4614 61.
