3334 5042
650 465 856 526 ...67-

174 654 221 719 Vl
232 653 307 733 265,
331 654 393 720 XV
412 656 483 730 109,
507 657 592 729 Plio.
609 656 730 742 Paneg.
746 659 798 734 88,
822 658 922 724 Senes
940 657 1049 723 Coutr.
1070 659 1115 722 lV
1132 665 1162 736 2,
1179 660 1337 726 Pa-Plaa

172 762 248 827 Par.
273 763 324 826 17.

262 869 515 933 Admirationem
533 877 638 934 movet
655 872 739 952 quod
760 892 832 935 oum
848 872 1004 955 templum
1024 870 1141 938 Vestae
1156 872 1340 955 frequenter

171 973 222 1039 vel
245 977 358 1038 arserit
380 976 430 1039 vel
452 976 518 1058 igni
542 977 730 1040 imminente
752 977 799 1041 ita
814 999 956 1061 pressum
973 979 1017 1042 sit
1031 983 1068 1042 ut
1085 978 1229 1043 Vestales
1252 1001 1341 1043 saera

174 1081 359 1165 eripuerint,
394 1081 454 1145 hoo
488 1104 551 1147 uno
579 1083 612 1146 in
647 1084 795 1147 incendio
823 1083 959 1147 Palladii
986 1086 1106 1149 mentio
1134 1086 1224 1149 faeta
1251 1081 1340 1169 est.¹)

174 1188 283 1273 Atque
306 1188 367 1251 hoo
383 1209 420 1251 eo
437 1187 613 1252 mirabilius
629 1190 667 1253 fit
683 1191 768 1271 quod
783 1191 831 1267 (ut
848 1211 865 1253 e
880 1188 1035 1273 Dionysio
1058 1190 1129 1255 Hal.
1147 1190 1179 1255 ΙΙ
1196 1192 1238 1256 66
1254 1213 1340 1255 uom-

173 1291 327 1378 perimus)
350 1294 477 1377 signum
503 1294 621 1358 Metelli
645 1297 678 1360 in
702 1294 862 1379 Capitolio
885 1296 993 1360 stabat
1014 1296 1221 1381 inscriptione
1246 1318 1341 1361 orne-

174 1406 252 1479 tum‚
276 1401 310 1464 in
326 1422 388 1483 qua
412 1420 523 1466 »sacra
539 1400 654 1485 (lepdte
677 1407 805 1466 tantum
827 1423 848 1465 a
867 1404 1017 1486 pontifioe
1034 1405 1173 1467 maximo
1189 1424 1207 1467 e
1222 1402 1341 1486 templo

174 1508 300 1572 ardenti
327 1491 452 1572 servata
480 1528 547 1572 esse
574 1509 749 1588 legebatur.
784 1544 828 1556 -
863 1508 926 1572 Res
954 1508 1085 1573 fortasse
1111 1510 1161 1573 ita
1187 1510 1340 1593 explicari

174 1618 294 1697 potest:
321 1613 487 1678 Metellum
502 1613 702 1677 flammarum
728 1616 840 1679 ardore
856 1621 1019 1680 caecatum
1035 1637 1111 1692 esse,
1136 1616 1196 1679 etei
1219 1615 1253 1678 id
1276 1638 1342 1679 non

175 1721 215 1784 ab
238 1720 385 1783 omuibus
413 1720 624 1803 scriptoribus
644 1722 790 1798 traditur,
820 1744 879 1804 pro
899 1728 988 1786 certo
1012 1723 1126 1786 haben.
1173 1721 1342 1807 Religione

174 1831 281 1890 autem
310 1826 454 1889 [tomana
469 1825 673 1904 severissime,
697 1831 734 1890 ut
757 1832 851 1890 antea
867 1828 1013 1905 vidimus,
1037 1827 1247 1892 interdictum
1263 1833 1342 1906 erat,

174 1955 214 1996 ne
239 1932 285 1996 vir
307 1932 434 2016 signum
450 1930 621 2014 Trojanum
639 1934 849 2016 conspicerem
874 1941 971 2019 atque
987 1933 1098 1998 Graeci
1122 1939 1208 1999 eerte
1233 1934 1342 1997 erede-

176 2038 254 2103 bant
300 2037 369 2103 fore
402 2042 440 2102 ut
481 2038 509 2101 is
549 2038 656 2103 oculos
693 2041 841 2122 perderet
887 2042 942 2123 qui
976 2063 1100 2104 sacrum
1139 2040 1343 2104 simulacrum

177 2146 352 2229 aspexisset
379 2150 423 2227 (p.
447 2144 516 2225 41).
563 2144 666 2219 Quam
700 2146 962 2228 superstitionem
985 2147 1109 2211 Romae
1137 2153 1246 2211 notem
1276 2168 1345 2209 esse

178 2252 334 2336 eonjioere
356 2252 499 2315 lieet-
517 2249 610 2315 Nunc
629 2254 697 2335 jam
721 2254 806 2316 vides
830 2275 870 2315 ex
894 2252 1010 2335 quibus
1031 2255 1127 2317 rebus
1151 2253 1267 2318 fabella
1290 2276 1344 2316 ex-

178 2359 310 2421 stiterit:
336 2356 483 2421 Metellus
507 2379 543 2422 eo
566 2358 635 2442 ipso
659 2363 803 2422 caecatus
832 2380 899 2424 esse
927 2361 1155 2424 recentioribus
1178 2361 1263 2424 visus
1287 2365 1344 2435 est,

179 2465 264 2546 quod
288 2485 412 2527 sacrum
436 2465 564 2548 signum
589 2462 808 2547 aspexisset.²)

269 2675 330 2742 Sed
353 2699 438 2741 nunu
460 2676 500 2740 ad
525 2679 742 2759 quaestionem
767 2680 868 2755 venio,
895 2701 1033 2762 quonam
1058 2681 1152 2743 modo
1167 2679 1346 2742 Palladium

180 2784 354 2868 'trojanum
378 2775 512 2847 Romam
537 2783 704 2848 advectum
729 2805 796 2848 esse
820 2784 967 2850 homines
990 2785 1199 2849 narraverint.

266 2890 337 2955 Huo
371 2913 408 2953 ee
441 2891 579 2974 primum
613 2892 776 2973 pertinent
811 2914 892 2975 quae
919 2916 937 2955 a
965 2892 1116 2976 Dionysio
1148 2891 1247 2955 Halia.
1274 2890 1347 2954 169

178 2999 369 3079 traduntur:
406 3047 412 3059 .
439 3047 446 3060 .
472 2995 665 3081 ἁλισκομένης
685 2994 720 3058 δὲ
744 3000 799 3082 τῆς
819 2997 903 3058 κάτω
927 2996 1044 3063 πόλεως
1065 3000 1121 3076 (so.
1144 2996 1273 3079 Trojae)
1299 2995 1348 3057 τὸν

180 3104 301 3169 Αἰνείαν
329 3102 477 3188 καρτερὸν
504 3107 557 3190 τῆς
583 3101 679 3186 ἄκρας
703 3101 869 3187 γενόμενον,
894 3102 1011 3187 ἄραντα
1034 3103 1067 3166 ἐκ
1089 3106 1147 3165 τῶν
1170 3101 1289 3165 ἀδύτων
1311 3103 1350 3163 τά

180 3233 213 3273 τε
236 3210 303 3295 λεμὰ
327 3213 385 3272 τῶν
404 3210 545 3293 μεγάλων
568 3207 652 3271 decim
674 3210 723 3271 rui
745 3209 821 3294 δπεμ
842 3206 883 3271 ἔτι
898 3213 1002 3295 περιῆν
1019 3207 1187 3272 Παλλάδιον
1203 3206 1348 3293 (θάτερον

182 3317 239 3402 γὰρ
264 3313 404 3378 benamu
427 3318 475 3378 καλ
493 3314 641 3402 Διομήδην
664 3315 766 3387 νυκτός
786 3338 877 3399 φασιν
900 3317 943 3387 εἷς
951 3310 1033 3378 Ἴλιον
1048 3315 1244 3399 ἀφικομένους
1256 3315 1352 3400 κλοπῇ

180 3421 296 3507 λαβεῖν)
302 3417 444 3509 οἴχεοδαί
450 3445 482 3485 τε
492 3419 648 3506 κομίσαντα
661 3422 694 3484 ἐκ
704 3425 757 3508 τῆς
765 3421 883 3494 πόλεως
891 3423 940 3485 καὶ
951 3419 1050 3484 ἐλδεῖν
1060 3419 1351 3503 ἄγονταελςἹταλίαν.

182 3529 375 3604 Quibuscum
400 3530 594 3594 conferenda
616 3534 693 3592 sunt
722 3530 863 3611 ejusdem
892 3527 1040 3610 Dionysii
1068 3530 1163 3592 verbe
1188 3525 1286 3604 1166,
1313 3548 1351 3590 ex

254 3762 273 3827 ¹)
292 3759 322 3812 ln
342 3757 463 3813 incendio
483 3774 500 3810 a
520 3755 605 3811 Gallis
621 3755 770 3811 teotoPall.
789 3773 844 3810 non
863 3759 1088 3810 commemoretur
1106 3755 1244 3811 nonnullis
1261 3760 1351 3808 temen

183 3847 240 3901 Silii
256 3850 340 3901 Italici
365 3846 441 3914 (XIII
459 3846 504 3911 62)
525 3846 644 3900 versibus
663 3845 744 3915 plane
763 3845 904 3900 rhetoricis
923 3845 1051 3914 exeeptis.
1089 3846 1120 3898 Α.
1141 3846 1175 3898 47
1203 3844 1353 3913 iterumque

183 3955 207 3991 a.
227 3936 262 3990 14
280 3954 304 3991 a.
323 3936 385 3991 Chr.
404 3952 430 3991 n.
449 3935 519 4006 ignis
537 3936 639 4005 templo
658 3934 788 4001 imminet3
808 3933 859 3988 Dio
875 3932 983 3988 Cassius
1002 3937 1090 3987 tamen
1110 3933 1199 4000 (4231
1219 3935 1246 3985 et
1263 3932 1354 3998 5424)

186 4031 294 4091 „saora“
320 4029 423 4079 tantum
443 4041 459 4077 a
477 4022 630 4079 Vestalibus
650 4025 756 4078 servata
774 4039 833 4077 esse
852 4022 941 4076 tradit.
979 4021 1034 4076 Neo
1053 4021 1168 4089 Tacitus,
1187 4037 1248 4075 uum
1265 4020 1355 4074 ineen-

185 4113 257 4169 dium
276 4131 293 4168 a
311 4112 416 4168 Nerone
434 4111 534 4166 factum
553 4115 744 4166 commemoret
763 4110 821 4178 (XV
841 4111 898 4177 41),
917 4109 1032 4165 Palladii
1051 4110 1214 4164 mentionem
1233 4108 1307 4162 feeit.

256 4204 278 4270 ²)
297 4201 338 4256 cf.
358 4199 468 4256 Seneca.
488 4199 614 4256 Gontrov.
633 4200 669 4255 lv
687 4199 718 4254 2:
753 4242 775 4265 „.
796 4241 802 4256 .
822 4200 916 4261 habea,
935 4197 1025 4265 Vesta,
1044 4196 1144 4267 duplex
1164 4195 1355 4266 pontificistui

187 4291 322 4346 meritum:
342 4277 458 4345 servavit
475 4305 554 4344 saure
572 4306 621 4343 nee
639 4289 729 4343 vidite·
979 4280 981 4283 ’

1163 4390 1197 4445 ὃ*
