3334 5042
734 374 768 428 61

187 552 406 611 demonstravit
429 546 581 613 Kelrulel.
625 552 755 610 Accedit
781 551 866 627 quod
890 550 949 608 iam
971 544 1107 607 ΡτεΙΙετ2
1132 567 1193 606 una
1220 558 1253 606 ut
1279 550 1321 608 ita

173 653 285 737 ¹dicam
312 672 373 729 qua
401 664 467 713 tota
494 654 596 711 nititur
617 651 843 712 Gaedechensii
865 651 1032 725 disputatio
1055 669 1131 709 voce
1153 650 1322 726 Aeschylea

71 746 75 766 '
181 749 400 830 κυκνόμορφοι
423 755 494 812 nihil
516 755 675 832 significari
697 754 835 829 probavit
863 752 920 808 nisi
943 753 974 808 id
997 753 1081 826 quod
1103 751 1231 808 Hesiodi
1257 770 1321 807 ver-

180 856 225 913 bis
246 855 354 930 γραῖαι
376 851 412 916 ἐκ
432 853 564 932 γενὲτης
587 856 769 932 exprimitur.

281 955 345 1014 Vas
368 957 441 1014 illud
463 958 492 1014 D
518 961 532 1016 l
558 967 588 1015 et
610 957 768 1033 speculum
790 974 828 1012 eo
852 956 1003 1029 differunt,
1026 955 1112 1030 quod
1134 955 1163 1011 in
1187 954 1237 1011 illo
1260 965 1321 1010 tres

70 1128 72 1143 .
165 1059 295 1115 ⁴adsunt
318 1057 439 1116 Graeae
464 1069 497 1117 ut
519 1061 602 1134 apud
626 1059 805 1134 Aeschylum
839 1054 952 1131 (Prom.
975 1053 1057 1130 821),
1090 1056 1121 1112 in
1152 1055 1211 1121 hoc
1240 1057 1321 1112 duae

182 1168 214 1214 nt
236 1161 323 1234 apud
345 1159 516 1218 Hesiodum
538 1158 610 1234 (Th.
635 1156 708 1233 273)
731 1175 863 1234 quocum
887 1157 1012 1215 nomina
1034 1173 1156 1232 quoque
1178 1151 1266 1232 (Enie
1286 1187 1318 1196 -—

181 1245 295 1329 Ἐνυώ,
329 1261 513 1336 Pernphetru
534 1290 576 1302 —
596 1254 766 1335 Πεφριδώ)
800 1267 980 1334 congruunt.
1024 1257 1186 1314 Praeterea
1215 1256 1322 1314 artifex

149 1342 152 1349 ⁴
181 1369 284 1419 tuscus
309 1361 427 1421 Graeas
449 1380 526 1419 anus
550 1361 633 1428 fecit,
666 1382 684 1419 a
707 1362 815 1436 quibus
837 1361 1000 1436 pingendis
1023 1377 1070 1417 ars
1094 1376 1205 1435 graeca
1227 1359 1324 1434 quinti

181 1463 307 1535 quidem
331 1463 443 1520 saeculi
465 1473 497 1521 et
518 1464 661 1539 temporis
684 1463 841 1519 subsecuti
862 1461 1054 1519 abhorrebat.
1099 1460 1197 1518 Deest
1218 1469 1321 1518 autem

183 1564 213 1619 in
236 1565 364 1640 speculo
387 1582 477 1640 quam
500 1565 530 1622 in
553 1565 664 1640 pyxide
686 1565 823 1621 videmus
849 1562 1003 1621 caecitatis
1026 1562 1217 1637 significatio.

283 1667 419 1723 Alterum
440 1666 597 1740 speculum
619 1666 885 1723 animadversione
907 1663 1033 1739 dignum
1048 1664 1078 1720 K
1092 1665 1131 1722 27
1148 1670 1194 1719 est
1216 1662 1247 1719 in
1262 1680 1323 1737 quo

184 1765 320 1841 Phorcys
347 1767 537 1842 persequitur
558 1766 637 1825 filiae
667 1766 903 1831 interfectorem,
939 1783 1030 1840 quam
1059 1764 1191 1821 fabulam
1218 1765 1324 1822 litteris

183 1884 247 1924 non
270 1869 415 1925 traditam
435 1868 493 1925 hoc
516 1885 577 1924 uno
600 1875 798 1924 monumento
822 1867 976 1925 discimus,
1014 1864 1147 1923 Omnino
1170 1882 1233 1923 non
1254 1868 1324 1923 novi

183 1970 268 2025 aliud
284 1969 427 2042 Phorcyis
443 1970 634 2026 simulacrum
650 1970 771 2044 praeter
786 1968 954 2026 Graearum
968 1968 1110 2042 pyxidem
1131 1969 1226 2024 modo
1242 1985 1324 2025 com·

183 2079 393 2128 memoratam.
428 2070 528 2128 Etiam
550 2072 634 2147 quod
657 2071 740 2145 pisce
755 2071 831 2126 inter
844 2069 993 2144 lllleanpes
1008 2070 1105 2144 pedes
1120 2076 1247 2126 natante
1269 2070 1324 2126 sub

183 2173 259 2230 mari
292 2189 354 2228 rem
381 2173 445 2247 geri
471 2172 620 2230 indicatur
646 2173 797 2229 diversum
824 2181 873 2228 est
898 2190 917 2227 a
945 2171 1054 2228 ceteris
1077 2172 1282 2228 monumentis
1296 2168 1323 2229 3:

184 2270 315 2330 Perseus
338 2290 428 2348 super
449 2290 532 2330 mare
554 2272 660 2330 volans
683 2274 816 2330 caelatus
840 2272 895 2329 luit
917 2273 948 2330 in
970 2272 1062 2330 Scuto
1084 2270 1270 2330 Hesiodeo4
1294 2282 1325 2330 et

183 2373 214 2430 n
237 2354 362 2431 Achillis
384 2375 480 2449 arpeo
503 2373 668 2449 Euripiden
692 2372 789 2449 (Kb).

286 2473 415 2531 Perseus
445 2476 542 2533 alatus
571 2484 618 2533 est
644 2477 674 2533 in
702 2478 826 2551 speculo
857 2476 1025 2551 antiquiore
1048 2475 1078 2533 K
1097 2476 1146 2537 26.
1191 2475 1227 2533 In
1248 2477 1261 2533 Ι
1285 2479 1323 2535 20

184 2574 338 2633 Medusae
370 2577 548 2634 dormientis
584 2595 674 2653 quam
701 2577 828 2636 Perseus
859 2578 1034 2652 aggreditur
1065 2594 1174 2653 corpus
1208 2578 1326 2635 videtur

184 2677 267 2734 virile
295 2693 378 2751 esse3
414 2677 507 2735 facies
537 2679 642 2736 deleta
671 2686 727 2738 est.
770 2679 890 2735 Nomen
921 2678 1034 2752 figurae
1069 2677 1108 2734 illi
1141 2679 1325 2755 adscriptum

180 2765 315 2835 ‘Tarsu’
337 2779 377 2834 ad
400 2777 524 2837 Ciliciae
546 2781 694 2855 oppidum
716 2779 897 2835 rettulerunt
919 2775 1058 2834 Koerte⁶
1080 2787 1111 2836 et
1132 2779 1174 2838 M.
1190 2778 1323 2854 nlayert

188 2877 317 2936 fortasse
340 2888 431 2951 recte,
464 2897 649 2955 quamquam
676 2898 753 2953 quae
783 2878 885 2935 fabula
907 2880 1004 2935 subsit
1026 2880 1208 2953 ignoramus
1254 2881 1325 2939 Per·

187 2995 257 3036 sens
274 2978 364 3036 Tarsi
386 2981 527 3036 conditor
548 2981 578 3036 in
599 2986 722 3036 nummo
742 2996 865 3053 quoque
881 2974 1051 3036 Tarsensi⁷
1073 2997 1233 3054 expressus
1256 3002 1326 3039 esse

188 3081 316 3156 videtur,
338 3081 379 3138 ibi
401 3098 468 3139 cum
490 3081 631 3156 Apolline
655 3081 841 3138 coniunctus

286 3183 321 3240 In
343 3183 469 3241 vasculis
487 3184 613 3240 etruscis
630 3183 703 3239 satis
719 3183 912 3256 indiligenter
928 3191 1075 3241 tractatur
1090 3184 1191 3243 fabula
1204 3194 1324 3246 nostra:

188 3283 218 3340 in
239 3285 269 3341 K
291 3286 329 3343 24
358 3284 487 3347 Perseus
520 3286 690 3342 caduceum
722 3284 814 3358 gerit;
848 3293 941 3358 atque
970 3285 1000 3341 in
1023 3285 1053 3341 K
1073 3286 1110 3344 25
1134 3303 1152 3342 e
1175 3285 1327 3347 Medusae

188 3385 267 3442 collo
290 3402 345 3461 pro
367 3386 465 3461 capite
490 3387 602 3460 equino
625 3386 777 3460 prominet
792 3386 872 3441 cervi
888 3394 988 3460 caput,
1011 3386 1096 3460 quod
1111 3404 1174 3443 nou
1189 3389 1327 3448 diversae

188 3483 309 3543 fabulae
326 3485 452 3553 formae,
476 3488 533 3544 sed
548 3487 670 3562 pictoris
685 3487 846 3544 socordiae
862 3486 1055 3543 tribuendum
1069 3487 1135 3547 erit.
1170 3488 1205 3545 In
1220 3499 1328 3565 patera

190 3584 271 3659 Q10
292 3605 383 3663 quam
405 3606 495 3663 supra
516 3588 679 3646 memoravi
702 3583 745 3663 lp.
758 3583 811 3661 46)
835 3586 964 3644 Perseus
984 3606 1104 3646 currens
1121 3598 1213 3665 caput
1230 3592 1327 3668 Satyri

285 3811 436 3868 1Α.(1.Ι.
458 3812 526 3867 1873
547 3831 572 3881 p.
593 3812 652 3868 127.

287 3899 298 3937 θ
316 3903 420 3956 Griech.
441 3899 548 3969 Myth.2
567 3905 594 3954 Π
612 3921 637 3971 p.
657 3903 699 3957 63.

286 3989 412 4045 ³Tribus
439 3995 517 4056 igitur
544 3994 612 4044 locis
640 3994 741 4044 facinus
768 3994 935 4044 committitur
960 3994 987 4043 in
1014 3994 1192 4044 monumentis
1217 3995 1327 4047 nostris:

194 4082 242 4130 snb
261 4083 354 4133 arbore
372 4084 558 4150 Hesperidum,
577 4084 605 4131 in
624 4083 721 4148 inseris,
742 4083 791 4132 sub
809 4083 882 4133 mari.

289 4167 357 4224 4Cf.
377 4173 476 4237 Brunn,
495 4171 568 4222 Abh.
589 4172 614 4222 d.
635 4172 743 4223 Miinch.
764 4172 817 4221 Ak.
837 4173 881 4221 XI
899 4187 924 4237 p.
945 4169 987 4222 20.

288 4256 371 4312 lEtr.
390 4260 433 4326 Sp.
453 4262 480 4309 V
498 4260 540 4312 iil.

289 4344 402 4400 lverh.
422 4349 447 4400 d.
467 4349 654 4402 Philol.·Vers.
678 4366 708 4399 zu
728 4349 828 4400 Giirlitz
850 4348 927 4412 1889,
947 4365 972 4413 p.
990 4346 1050 4399 338.

289 4432 299 4469 t
318 4437 357 4490 Cf.
375 4438 443 4487 infra
460 4453 486 4503 p.
505 4437 548 4490 63.
