3334 5042
796 257 817 321 ὃ

220 452 456 516 Cerere-Huria
484 448 807 538 (Demeter-Erinys)
835 451 989 516 Arionem
1017 451 1198 537 (Erionem)
1229 475 1349 538 equum
1359 452 1392 539 ¹),

220 582 262 623 ex
293 559 399 644 Alopa
433 558 660 646 Hippothoum
701 561 756 645 qui
792 581 896 644 equae
930 557 1033 623 ubera
1068 561 1199 623 suxisse
1232 561 1345 641 fertur,
1375 583 1393 625 e

218 665 414 752 Melanippa,
432 689 536 753 „equa
547 667 672 751 nigra“,
686 667 883 731 Boeotorum
897 689 1053 752 proavum
1068 669 1223 751 genuisse
1238 667 1391 751 dicitur).
1463 696 1466 703 ·

218 773 328 860 Atque
368 775 495 860 Hippo,
538 779 678 860 „equa,“
720 774 760 837 ab
801 773 904 839 Aeolo
944 796 1136 860 compressa
1173 774 1393 860 Melanippen,

178 932 180 938 .
224 902 365 965 „equam
389 883 546 966 nigram,“
573 884 709 967 peperit.
758 881 851 961 Quae
877 903 1076 967 quamquam
1103 890 1220 967 postea
1249 883 1394 968 speciem

218 989 381 1074 equinam,
398 1011 439 1052 ne
456 1012 475 1052 a
492 987 634 1052 Chirone
651 999 743 1074 patre
760 997 1006 1073 agnosceretur,
1025 987 1087 1051 sibi
1112 988 1297 1052 adscivisse
1314 989 1394 1052 dici·

219 1105 281 1175 tur,
306 1105 416 1159 tamen
440 1097 473 1159 in
496 1097 602 1182 prima
626 1095 758 1160 fabulae
794 1096 900 1159 forma
936 1097 1007 1158 sine
1035 1094 1134 1159 dubio
1170 1097 1234 1159 iam
1263 1097 1393 1182 inipso

220 1201 393 1288 complexu
418 1226 503 1289 equa
527 1204 631 1286 sunl).
681 1205 788 1289 Atque
813 1206 909 1267 etiam
934 1201 1059 1267 Aeolus
1086 1203 1188 1267 forma
1212 1204 1288 1289 equi
1305 1226 1393 1290 prae-

200 1310 307 1378 ditus
331 1310 438 1376 fuerit.
471 1311 516 1376 Ut
532 1311 656 1375 Boreas
680 1316 755 1401 ἵππῳ
779 1315 937 1402 εἰσάμενος
959 1317 1144 1405 κυανοχαίτῃ
1167 1310 1394 1395 (11.an24)

220 1440 263 1481 ex
290 1419 382 1504 equis
413 1418 608 1504 quibusdam
645 1417 810 1483 mirabiles
846 1417 1053 1482 Erichthonii
1078 1441 1192 1505 equoS,
1221 1419 1394 1505 Zephyrus

220 1547 262 1588 ex
283 1525 430 1611 Harpyia
449 1525 599 1611 Podargc
625 1527 700 1612 equi
724 1525 837 1589 habitu
858 1526 971 1590 induta
992 1526 1074 1590 duos
1098 1548 1202 1613 equos
1227 1525 1394 1590 Achilleos

219 1631 269 1716 (Il.
292 1632 375 1696 XVI
402 1633 562 1719 150y151)
586 1635 743 1715 genuisse
767 1633 945 1718 traditum).

307 1758 550 1845 Nonnunquam
574 1768 684 1823 autem
706 1759 826 1822 Furiae
854 1757 927 1824 loco
951 1760 1109 1845 Harpyia,
1138 1759 1284 1846 Zephyri
1306 1760 1394 1847 Nep-

220 1876 318 1930 tunus
342 1864 534 1953 appellatur.
590 1866 699 1952 Atque
735 1869 832 1930 etiam
857 1869 990 1931 nomina
1025 1866 1161 1930 deorum
1198 1868 1252 1953 qui
1288 1870 1395 1932 ventis

219 1984 385 2059 praesunt,
415 1972 498 2038 alibi
522 1973 585 2038 alia
613 1975 801 2039 atteruntur.
851 1974 981 2040 Similes
1011 1986 1156 2038 ceterum
1184 1974 1340 2039 Indorum
1365 1984 1397 2039 et

220 2082 458 2146 Germanorum
482 2080 614 2146 fabulae
636 2084 811 2147 memoriae
836 2083 985 2168 proditae
1009 2091 1093 2146 sunt.
1132 2081 1262 2146 Etenim
1280 2083 1395 2147 Vivas-

217 2198 273 2253 vat
302 2212 407 2275 equus
436 2213 454 2253 e
483 2190 545 2253 dea
572 2193 692 2277 equina
720 2212 804 2276 quae
835 2188 984 2275 Saranyd
1013 2191 1208 2272 nominatur,
1245 2189 1393 2274 Aquinos

114 2339 119 2349 -
219 2299 342 2381 genuit,
357 2296 476 2383 quibus
492 2320 651 2383 equorum
666 2299 810 2384 speciem
824 2298 928 2361 fuisse
945 2299 1006 2360 viri
1023 2298 1111 2362 docti
1127 2299 1198 2361 iure
1216 2305 1353 2361 censent
1362 2298 1395 2381 ⁵).

220 2405 329 2490 Atque
352 2403 440 2469 illam
465 2404 621 2469 ludorum
646 2404 741 2469 deam
767 2405 907 2469 eandem
936 2427 1010 2469 esse
1040 2428 1078 2469 ac
1104 2404 1308 2470 Graecorum
1331 2405 1395 2467 Fu-

125 2536 134 2549 *
220 2513 301 2575 riam
319 2512 379 2576 Ad.
399 2513 499 2576 Kuhu
514 2514 681 2599 putavitss).
723 2513 930 2599 Quamquam
950 2523 1025 2576 sunt
1042 2515 1098 2600 qui
1110 2513 1196 2577 hanc
1209 2515 1395 2599 opinionem

221 2621 352 2683 minime
392 2620 573 2706 probeutll.
637 2620 878 2686 Germanorum
918 2630 1024 2685 autem
1063 2622 1096 2684 in
1135 2620 1247 2685 fabula
1291 2643 1395 2707 equus

223 2727 400 2812 Gigantum
440 2729 496 2815 qui
521 2727 694 2793 Swadilfar
724 2731 918 2811 nominatur,
952 2729 1106 2803 eLocio‚
1132 2728 1194 2792 deo
1218 2730 1251 2792 in
1277 2750 1394 2813 equam

223 2857 392 2917 converso,
419 2835 628 2921 Sleipnirium
656 2839 779 2921 genuit,
810 2858 928 2921 equum
960 2835 1102 2900 Odhinio
1132 2835 1395 2920 gratissimumssl.

310 2943 380 3008 Nec
403 2965 482 3007 vcro
505 2941 634 3008 tabulas
660 2967 742 3030 quas
766 2944 862 3008 modo
880 2943 1055 3024 attulimus,
1080 2953 1249 3029 poetarum
1266 2945 1398 3008 inventa

224 3049 332 3135 esset)
356 3049 430 3115 luce
455 3048 574 3114 clarius
600 3061 658 3114 est.

311 3158 452 3221 Numina
476 3166 584 3222 autem
608 3157 794 3221 fabularum
822 3157 951 3222 illarum
980 3159 1114 3242 integris
1145 3179 1301 3243 equorum
1328 3180 1397 3221 cor·

224 3264 357 3350 poribus
381 3265 494 3328 induta
518 3275 602 3328 sunt.
651 3265 773 3330 Contra
801 3267 951 3351 superior
979 3288 1055 3351 pars
1079 3264 1237 3328 Medusae
1274 3248 1307 3328 in
1331 3288 1398 3328 am-

314 3480 334 3545 l)
355 3477 456 3532 Utrum
474 3477 566 3548 prima
594 3478 653 3532 eius
681 3478 792 3532 fabulae
820 3478 911 3532 forma
930 3461 1066 3532 Arcadiae
1095 3496 1132 3531 an
1152 3477 1285 3531 Boeotiae
1310 3476 1395 3529 ascri-

223 3567 319 3621 benda
337 3568 382 3636 sit,
401 3567 472 3621 nihil
491 3568 527 3621 ad
546 3584 596 3621 nos
614 3568 748 3636 pertinet.

315 3658 336 3723 ²)
355 3676 380 3710 v.
402 3656 596 3722 Wilamowitz,
617 3657 725 3710 Griech.
747 3656 831 3726 Trag.
852 3656 882 3709 ΙΙ
900 3676 926 3726 p.
947 3657 1046 3711 22711.
1067 3657 1091 3709 1.

316 3747 336 3817 ³)
361 3745 402 3800 Of.
424 3747 456 3799 R.
477 3746 628 3815 Wuensch,
648 3746 701 3799 Rh.
722 3746 793 3800 Mus.
813 3746 902 3799 XLIX
924 3746 1016 3816 (1894)
1036 3764 1063 3815 p.
1083 3745 1131 3810 943
1150 3765 1177 3814 p.
1198 3745 1261 3814 108)
1280 3744 1323 3798 09.

313 3838 335 3907 ⁴)
357 3836 397 3890 Of.
418 3837 448 3890 E.
469 3837 577 3909 Rohde,
597 3837 649 3889 Rh.
670 3835 741 3889 Mus.
761 3837 782 3888 L
802 3836 896 3905 (1895)
916 3856 942 3906 p.
961 3838 987 3891 4.

315 3927 335 3993 ⁶)
356 3925 396 3980 Of.
417 3926 616 3997 Myriantheus,
638 3925 688 3980 Die
702 3926 804 3998 Aqvins
826 3926 919 3995 (1876)
939 3945 964 3996 p.
987 3927 1001 3978 1
1021 3943 1064 3994 sq;
1083 3925 1254 3994 Oldenberg,
1268 3923 1398 3992 Religion

225 4018 273 4070 des
293 4016 373 4070 Vada
393 4016 484 4085 (1894)
504 4036 531 4087 p.
552 4016 586 4069 73
606 4034 645 4084 sq.

315 4106 335 4172 θ)
354 4104 387 4160 In
416 4105 531 4174 egregia
557 4105 605 4158 illa
633 4105 830 4160 dissertatione
858 4122 929 4173 quae
958 4103 1195 4173 Samma-Erinys
1221 4103 1393 4169 inscribitur,

226 4196 331 4254 Ztschr.
351 4196 414 4249 fuer
432 4194 521 4262 vergl.
541 4195 664 4264 Sprchw.
685 4193 698 4247 l
718 4194 811 4265 (1853)
831 4213 858 4263 p.
878 4195 931 4248 439
950 4212 991 4263 sq.

316 4287 336 4352 ⁷)
357 4285 398 4339 Of.
419 4284 450 4340 O.
473 4284 595 4356 Gruppe,
617 4285 724 4339 Griech
741 4286 824 4339 Kulte
838 4284 1024 4352 undMythen
1042 4283 1056 4337 I
1075 4283 1166 4350 (1887)
1185 4302 1211 4351 p.
1233 4283 1286 4336 100
1304 4301 1331 4336 n.
1351 4282 1398 4350 153

227 4375 257 4428 Ε.
277 4375 366 4438 Knoll,
387 4375 464 4429 Stud.
486 4396 533 4429 zur
553 4377 662 4430 aeltest.
686 4376 775 4429 Kunst
794 4375 823 4427 in
844 4374 1053 4428 Griechenland
1073 4372 1163 4441 (1803)
1183 4391 1211 4442 p.
1231 4372 1274 4425 31.

316 4464 337 4532 ⁸)
358 4464 398 4517 Of.
418 4484 444 4521 v.
465 4465 556 4530 Hahn‚
577 4452 792 4533 Sagwissensch.
813 4463 893 4517 stud.
913 4462 1005 4532 (luto)
1025 4481 1052 4534 p.
1073 4461 1132 4516 139.

315 4555 336 4621 ⁹)
356 4553 397 4609 cf.
419 4554 448 4608 Ε.
468 4554 558 4619 Knoll,
578 4555 646 4607 ibid.
665 4572 691 4624 p.
712 4554 752 4607 20.
