3334 5042
778 448 997 515 ..eg-

301 638 391 723 sunt,
402 639 513 729 'atque
528 650 661 730 apparet
684 666 724 710 ex
740 638 843 712 verbis
859 642 1058 733 συνεξήγυγον
1080 652 1112 712 et
1134 642 1346 736 ovuaobrayov
1364 647 1469 714 Palla·

308 749 492 816 dios-intra
513 754 601 817 urbis
623 755 701 818 fines
724 755 822 819 situm
845 754 953 822 fuisse.

765 950 783 1033 g
807 949 838 1014 4.
877 949 1009 1034 Argos·

302 1093 329 1110 ³
371 1072 551 1158 *Argivos*
571 1096 606 1140 se
645 1067 824 1140 Palladium
861 1075 1034 1160 Trojanum
1065 1077 1233 1161 ‘possidere
1273 1077 1470 1141 contendisse

300 1180 424 1244 'diserte
449 1198 477 1245 'a
516 1181 618 1265 primo
646 1175 815 1247 ¹Pausania
853 1182 995 1247 traditur
1033 1183 1080 1264 (ΙΙ
1109 1181 1218 1268 23,5)κ
1258 1179 1377 1262 λέγουσι
1412 1182 1470 1267 γὰρ

308 1280 461 1370 Ἀργεῖοι..
486 1333 494 1348 .
521 1287 571 1349 καὶ
604 1284 722 1372 drusiam
750 1284 869 1350 κεῖσθαι
897 1284 984 1373 πυροί
1019 1311 1116 1375 σφισιν
1148 1291 1189 1353 ’τὸ
1227 1285 1405 1374 ἐκκομισθὲν
1434 1287 1473 1360 ἐξ

297 1385 385 1454 duee
415 1386 464 1454 καὶ
489 1388 604 1456 ἁλῶναι
631 1397 756 1480 ποιῆσαν
781 1389 875 1456 Ἴλιον.
932 1393 995 1461 Sed
1022 1397 1056 1460 in
1091 1398 1193 1482 prima
1226 1397 1322 1481 hujus
1356 1397 1470 1462 disser-

309 1499 442 1563 tationis
464 1506 555 1584 parte
577 1524 715 1566 nummos
741 1502 933 1585 Argivorum
959 1503 1118 1588 descripsi·
1135 1506 1191 1588 qui
1218 1504 1267 1568 vei
1293 1504 1470 1569 Palladium

296 1606 342 1668 -in
356 1605 476 1690 templo
491 1608 629 1692 quodam
640 1612 730 1674 stans
741 1607 790 1672 vel
803 1607 990 1674 Diomedem
999 1609 1302 1697 signumTrojonum
1314 1611 1470 1676 ferentem

309 1717 502 1792 monstrant,
549 1736 587 1780 ex
631 1715 745 1799 quibus
787 1716 933 1780 nonnulii
954 1718 1041 1800 -jam
1084 1716 1208 1782 saeculo
1251 1714 1367 1802 quarto
1405 1716 1470 1781 cusi

309 1817 446 1886 fuerunt.
471 1856 473 1861 ·
495 1816 607 1895 Quid?
641 1822 726 1905 quod
762 1818 890 1886 fabulae
924 1822 999 1887 illae
1025 1823 1235 1888 Athenienses
1269 1824 1307 1888 de
1336 1839 1472 1905 quarum

302 1931 413 1992 aetate
436 1929 569 2012 antiqua
591 1931 685 2012 supra
709 1927 847 1992 diximus
881 1927 1017 1994 Palladii
1038 1929 1268 2014 possessionem
1290 1951 1413 2013 semper
1430 1929 1470 1993 ad

300 2023 445 2119 -'Argiuos
480 2022 643 2098 referunt?
687 2033 738 2098 Ab
762 2034 954 2119 Argivorum
980 2036 1071 2102 enim
1106 2035 1253 2114 ducibus,
1288 2039 1358 2100 tum
1386 2036 1470 2121 Aga·

296 2158 493 2219 memnone,
516 2147 584 2204 tum
602 2139 766 2220 Diomede,
783 2142 910 2226 signum
923 2138 1018 2208 Troia
1033 2143 1067 2207 in
1083 2144 1194 2208 urbem
1210 2163 1299 2207 suam
1315 2144 1470 2228 reportari

298 2242 493 2311 ‘narrabunt
560 2244 652 2321 Quo*
666 2247 754 2312 facto
790 2248 867 2313 satis
903 2249 1036 2314 indicari
1068 2250 1145 2315 mihi
1183 2251 1309 2315 videtur
1345 2250 1471 2314 fabulas

311 2352 520 2417 Athenienses
558 2375 596 2416 ex
630 2351 757 2437 Argivis
791 2354 882 2420 fictas
913 2376 981 2421 esse
1019 2361 1116 2443 atque
1157 2379 1196 2423 ex
1238 2358 1281 2421 eis
1302 2356 1472 2421 illustrari

311 2456 414 2542 posse.
451 2492 493 2506 ——
528 2453 680 2543 Sequitur
701 2466 737 2524 ut
759 2460 873 2544 Argivi
897 2457 992 2526 etiam
1015 2464 1253 2549 antiquioribus
1276 2464 1471 2548 temporibus

312 2560 494 2629 Palladium
530 2588 564 2630 se
596 2564 756 2650 possidere
794 2568 1037 2645 contenderint3
1070 2606 1110 2616 -—
1149 2575 1246 2655 atque
1280 2570 1360 2636 haec
1379 2600 1381 2603 ’
1398 2591 1471 2635 sen·

302 2666 416 2735 'tentia'
442 2672 537 2735 etiam
564 2673 627 2737 alio
653 2677 858 2758 argumento.
872 2675 1054 2739 confirmari
1075 2681 1191 2760 potest.
1218 2713 1256 2722 -
1282 2675 1471 2742 Videbimus

311 2776 395 2841 enim
419 2779 592 2842 secundum
621 2799 731 2844 ornnes
756 2780 960 2859 traditiones,
1001 2783 1145 2865 quamvis
1172 2782 1211 2848 de
1240 2785 1354 2849 ceteris
1376 2784 1471 2850 rebus

312 2884 449 2949 maxime
473 2885 660 2969 discrepent,
685 2887 803 2970 primas
817 2887 852 2950 in
867 2886 1009 2953 Palladio
1028 2888 1183 2973 rapiendo
1203 2895 1308 2973 partes
1326 2889 1471 2956 Diomedi

298 2989 413 3056 ssh'erot‘
431 2984 558 3076 Argiuon
590 2992 701 3072 tribui,
733 3010 784 3046 -'
811 3016 850 3059 ex
882 3015 946 3079 quo
975 2990 1107 3080 apparet
1138 3002 1293 3079 quantum
1327 2997 1365 3061 ad
1398 2996 1471 3062 illas

292 3096 438 3162 2fabulas
457 3094 628 3181 fingendas
649 3100 808 3164 valuerint
822 3098 944 3185 Argivi.

310 3220 337 3229 ’
365 3200 367 3204 ’
397 3200 460 3270 'Sed
479 3200 550 3289 jam
571 3206 770 3289 inquiramus
793 3207 847 3270 ubi
864 3204 960 3293 Argis
983 3208 1108 3273 steterit
1129 3207 1335 3274 simulacrum
1351 3209 1470 3276 Miner·

291 3330 368 3375 sae
392 3310 478 3394 qood
502 3310 680 3397 Trojanum
704 3335 769 3377 esse
792 3312 993 3379 credebatur.
1079 3336 1080 3339 ¹
1205 3336 1206 3339 ¹

240 3470 243 3475 ⁴
357 3413 362 3420 ’
398 3417 436 3482 In
452 3414 591 3483 'nummo
613 3419 733 3504 Argivo
756 3418 910 3484 Antonini
936 3420 986 3486 Pii
1009 3422 1114 3507 capite
1136 3423 1260 3506 signato
1282 3421 1327 3503 (J.
1344 3422 1381 3487 of
1397 3422 1471 3488 hell.

310 3524 401 3588 Stud.
420 3521 505 3589 1885
520 3529 544 3587 t.
559 3522 671 3610 5442)
696 3524 875 3590 Palladium
890 3527 924 3591 in
939 3548 1038 3612 parvo
1054 3529 1175 3613 templo
1191 3535 1279 3595 stans
1295 3527 1470 3609 exhibetur,

311 3625 398 3714 quod
421 3630 455 3694 in
477 3650 600 3696 summo
618 3633 704 3697 ¹colle
726 3653 838 3718 aspero
862 3637 894 3698 et
913 3630 1058 3719 abrupto·
1071 3637 1167 3701 situm
1184 3631 1273 3720 est¹).
1293 3632 1472 3701 Pausanias

310 3754 385 3801 vero
413 3731 468 3821 qui
496 3736 591 3823 poulo
618 3740 693 3805 ante
722 3734 826 3805 obiter
865 3740 905 3804 de
932 3740 1076 3807 Palladio
1099 3742 1218 3827 Argivo
1239 3742 1366 3807 locutus
1405 3755 1473 3808 eret

292 3843 492 3929 ··(v.1supre),
517 3866 589 3909 cum
611 3845 698 3910 viam
721 3845 762 3909 ad
776 3845 918 3911 Larisam
934 3847 1106 3914 ducentem
1122 3848 1272 3914 describit
1295 3848 1371 3914 dicit
1394 3851 1473 3915 haec

288 3947 358 4031 ι-(ῘΙ
380 3946 487 4036 24.2):
532 3951 583 4013 τοῦ
621 3948 823 4036 Δεςυαὸιώτου
866 3949 901 4014 δὲ
942 3948 1122 4023 Ἀπόλλωνος
1156 3950 1259 4040 ἔχεται
1295 3953 1354 4038 μὲν
1392 3954 1473 4041 ἱερὸν

309 4050 432 4139 Ἀθηνᾶς
451 4051 644 4141 Ὀξυδερκοῦς
663 4055 856 4145 καλουμένης,
882 4058 1049 4147 Διομήδους
1061 4057 1213 4147 ἀνάθημα.
1259 4060 1375 4128 Nonne
1398 4084 1472 4128 oon·

381 4182 544 4273 i)³‘De'aliis
562 4195 677 4251 nummis
699 4194 831 4275 'similibus
854 4198 971 4255 nondum
994 4200 1073 4257 editis
1100 4202 1151 4258 vid.
1179 4201 1305 4258 Mionnet.
1325 4200 1417 4275 Suppl.
1437 4202 1472 4257 lV

309 4282 677 4357 ummmffim
