3334 5042
768 292 810 356 29

295 491 323 554 1.
350 489 401 554 Ao
436 498 585 553 veterum
620 491 815 554 testimoniis
848 489 1037 574 Gorgonum
1074 487 1283 564 domicilium,
1320 487 1377 551 ubi

202 597 341 661 Medusa
365 620 384 660 a
406 598 559 683 Neptuno
584 599 696 661 vitiata
719 607 794 683 post
817 598 932 661 Persei
957 596 1094 661 eaedem
1117 596 1286 680 Pegasum
1310 594 1376 659 edi·

203 704 259 787 dit,
283 708 318 769 in
340 707 474 789 regione
503 704 674 768 fabulari
703 703 898 769 collocatum
923 714 982 770 est.
1030 704 1075 769 Ut
1101 703 1270 767 Hesiodus
1295 703 1375 769 Gor·

202 834 305 897 gones
330 811 498 876 habitasse
523 811 616 875 dieit:

710 978 713 983 .
773 928 864 1012 πέρην
887 928 1002 990 κλυτοῦ
1021 924 1193 1002 Ὠκεανοῖο,

293 1033 418 1122 ἐσχατιῇ
440 1034 514 1119 πρὸς
537 1032 653 1110 νυκτός,
679 1030 713 1096 ἵν’
730 1032 910 1119 Ἑσπεριθες
931 1032 1095 1120 λιγύφωνοι

204 1134 343 1219 (Theog.
368 1134 520 1220 274slbl3
544 1134 732 1221 ibidemque
756 1135 930 1199 Medusam
954 1157 974 1198 a
995 1134 1168 1220 Neptuno

294 1247 323 1310 ἐν
348 1249 478 1333 μαλακῷ
502 1250 625 1334 λειμῶνι
647 1249 699 1311 καὶ
723 1246 845 1311 ἄνθεσιν
870 1247 1019 1333 εἰαρινοῖσι

163 1420 165 1425 .
205 1349 343 1434 (Theog.
370 1350 447 1413 279)
477 1372 552 1414 esse
578 1373 801 1436 compressam
826 1358 924 1435 atque
948 1372 968 1412 a
990 1350 1114 1414 Perseo
1139 1351 1245 1435 eapite
1272 1350 1378 1435 priva·

204 1466 279 1539 tarn,
306 1479 369 1543 quo
394 1457 480 1522 faeto
497 1458 645 1541 Pegasus
670 1455 866 1543 prosiluerit,
886 1457 939 1521 eui
954 1456 1018 1520 hoe
1034 1479 1153 1520 nomen
1171 1456 1308 1520 inditum
1326 1456 1377 1536 sit,

526 1569 568 1633 dd
593 1567 638 1656 ἄρ’
659 1569 811 1634 Ὠκεανοῦ
835 1570 901 1656 περὶ
922 1572 1038 1655 equa·

295 1677 376 1764 γένθ’

206 1779 344 1863 (Theog.
369 1780 516 1866 282s83).
564 1779 635 1844 Iam
659 1803 738 1844 vero
763 1779 967 1867 Hesperides
996 1802 1096 1844 aurea
1111 1779 1198 1843 mala
1214 1779 1379 1843 custodire

207 1896 345 1969 constat,
363 1910 447 1973 quae
471 1888 504 1950 in
523 1887 658 1952 deorum
675 1887 768 1951 horto
785 1889 880 1953 nasci
897 1879 1070 1952 dicuntur.¹
1105 1893 1256 1968 Μαλακὸς
1270 1894 1379 1950 autern

206 2002 317 2085 λειμὼν
340 1996 461 2063 ἄνθεσιν
485 2000 652 2087 εἰαρινοῖσιν
681 2004 814 2060 ornatus
848 1995 937 2059 sedis
973 1996 1100 2082 piorum
1136 1995 1287 2081 proprius
1319 2002 1379 2072 est,

207 2123 308 2186 atqua
322 2100 436 2165 hortus
453 2101 508 2166 ille
525 2105 629 2188 primo
647 2125 713 2167 non
730 2102 901 2168 differebat
908 2103 941 2186 ¹).
987 2103 1074 2166 Num
1092 2104 1190 2186 igitur
1207 2100 1380 2186 Gorgones

207 2207 379 2280 horribiles
403 2210 436 2272 in
461 2208 515 2273 illo
540 2212 667 2296 piorum
696 2208 942 2283 loeomoratas
972 2232 1048 2273 esse
1078 2209 1280 2273 censendum
1310 2205 1381 2271 est?

207 2314 252 2380 At
274 2338 353 2380 vera
376 2317 597 2400 Hesperidum
621 2328 737 2383 natura
759 2319 793 2381 in
816 2315 871 2381 illo
897 2318 1049 2387 cernitur,
1068 2315 1155 2403 quod
1173 2326 1205 2380 et
1225 2337 1380 2380 unacum

208 2422 355 2486 Thanato
401 2423 628 2512 similibusque
674 2424 864 2489 numinibus
903 2423 1013 2511 proles
1050 2424 1164 2488 Noctis
1201 2421 1309 2508 sunt2)
1349 2432 1382 2486 et

148 2582 150 2587 .
209 2530 297 2616 quod
320 2541 453 2596 auotore
483 2531 639 2596 Acusilao
676 2531 803 2596 illarum
830 2531 904 2597 loeo
933 2533 1102 2618 Harpyiae
1130 2531 1217 2595 mala
1246 2530 1382 2595 deorum

209 2628 404 2721 custodiunt,
430 2661 512 2724 quas
538 2642 667 2703 omnino
693 2640 827 2704 easdem
851 2650 950 2726 atque
974 2639 1177 2723 Hesperides
1203 2660 1278 2701 esse
1304 2637 1381 2723 upi-

208 2745 356 2809 menides
381 2748 473 2809 testis
498 2746 589 2832 est3).
639 2747 768 2810 Etenim
792 2749 825 2810 in
854 2746 909 2811 illa
938 2745 1117 2811 occidentis
1145 2747 1280 2830 regione
1314 2745 1382 2808 oroi

210 2874 340 2937 quoque
363 2855 499 2917 numina
522 2863 704 2918 versantur.
751 2853 862 2940 Atque
886 2853 952 2918 illie
976 2854 1157 2918 inferorum
1175 2852 1289 2916 sedem
1306 2872 1381 2916 esse

209 2958 284 3022 inde
302 2982 321 3022 a
337 2963 447 3045 prisea
464 2962 655 3047 antiquitate
673 2961 909 3045 credebatur4).
957 2962 1050 3025 Haec
1067 2969 1176 3024 autem
1193 2961 1264 3024 sine
1282 2958 1381 3023 dubio

209 3065 421 3131 occidentalis
447 3068 639 3153 Gorgonum
662 3068 817 3134 habitatio
841 3068 1061 3153 intellegenda
1085 3068 1177 3153 est5).

299 3208 361 3274 Oui
378 3214 558 3277 sententiae
583 3223 615 3276 et
637 3212 717 3277 illud
745 3213 845 3295 favet,
875 3212 963 3300 quod
987 3212 1161 3297 Gorgones
1185 3234 1250 3276 non
1279 3207 1383 3274 semel

208 3318 241 3379 in
277 3340 354 3383 oreo
390 3318 604 3383 eolloeantur:
628 3321 726 3385 Hom.
753 3320 814 3386 Od.
839 3320 891 3385 XI
924 3320 989 3385 633
1012 3344 1060 3406 sq.
1107 3319 1224 3384 Ulixes
1255 3326 1381 3382 narrat:

629 3434 682 3520 ἐμὲ
704 3436 742 3498 δὲ
764 3435 883 3521 χλωρὸν
906 3435 978 3509 arog
999 3433 1075 3521 ᾕρει,

300 3542 340 3625 μή
365 3562 416 3625 μοι
439 3541 581 3627 Γοργείην
605 3543 741 3630 κεφαλὴν
763 3543 874 3605 θεινοῖο
898 3544 1033 3627 πελώρου

299 3647 332 3723 ἐξ
350 3647 464 3711 Ἀΐδεω
487 3649 631 3735 πέμψειεν
655 3649 755 3736 ἀγαυὴ
778 3648 991 3737 Περσεφόνεια,

210 3758 305 3834 atque
329 3751 363 3812 in
386 3752 514 3836 pistura
548 3753 722 3838 parietaria
757 3750 902 3837 sepuleri
925 3751 1013 3837 quod
1037 3750 1164 3816 'I'omba
1192 3747 1268 3814 dell'
1293 3749 1381 3814 Oreo

300 4053 319 4116 ¹)
340 4051 380 4106 ef.
399 4054 595 4107 Pseudo-Plat.
617 4053 729 4108 Axioeh.
748 4072 774 4122 p.
794 4054 868 4107 3710
887 4049 949 4109 ἔνθα
967 4059 1078 4110 παντοῖοι
1096 4054 1125 4108 δὲ
1148 4060 1266 4121 λειμῶνες
1286 4051 1374 4107 ἄνθεσι

210 4141 325 4204 ποικίλοις
343 4137 507 4214 ἓαριζόμενοι;
529 4143 679 4214 Dieterieh,
700 4143 808 4212 Nekyia
825 4163 853 4213 p.
874 4144 917 4198 21.

301 4231 321 4295 ²)
340 4231 405 4284 Hes.
433 4232 537 4301 Theog.
567 4233 618 4287 211
650 4251 705 4301 sq.;
741 4233 777 4288 cf.
805 4252 830 4287 ν.
855 4232 1048 4302 Wilamowitz,
1077 4232 1204 4287 Heracl.²
1231 4231 1260 4285 II
1286 4250 1312 4300 p.
1332 4231 1380 4302 975

210 4318 317 4389 Rohde,
336 4320 437 4376 Rhein.
457 4322 529 4376 Mus.
548 4323 570 4376 L
590 4322 682 4391 (1895)
701 4342 728 4393 p,
748 4325 773 4387 3,
792 4341 820 4377 n.
841 4324 865 4375 1.

283 4402 320 4475 ’3)
340 4429 366 4466 ν.
386 4410 580 4480 Wilamowitz,
600 4412 681 4477 ibid.;
700 4413 801 4467 Rohde
820 4413 888 4467 ibid.

300 4500 321 4565 4)
342 4496 551 4567 θΐζΙλίοεεπίοΙι,
571 4503 641 4557 Nek.
659 4521 686 4574 p.
706 4502 749 4558 23.

301 4592 322 4659 ⁵)
342 4592 441 4647 Rohde
459 4593 476 4646 1.
497 4610 520 4646 e.
538 4612 564 4663 p.
584 4594 611 4647 4.
