3334 5042
656 348 691 407 63

590 574 757 640 Alidensia.

111 711 143 760 ad
160 729 185 776 p.
197 712 237 765 12.
265 713 297 761 In
314 711 420 761 vasculo
438 711 587 760 Matritensi
605 711 661 762 Hl
680 712 713 763 E.
729 711 817 763 Beihe
840 711 885 776 qui
904 717 965 775 post
983 711 1119 763 Cuntzium
1139 728 1184 762 vas
1206 711 1245 763 iu·

265 802 350 867 spexit
368 809 446 866 atque
465 800 562 865 primus
582 807 612 851 ut
631 815 662 849 ex
682 799 769 849 arcula
784 804 946 867 promeretur
957 800 1111 866 impetravit,
1131 801 1248 867 repperit

268 897 452 962 inscriptiones
473 885 644 967 HEPMU,
666 883 842 972 FEMW,
865 886 1035 953 ΑΙΑΝΞΘΑ

114 992 144 1040 ad
162 1008 189 1059 p.
202 991 244 1045 14.
269 992 414 1042 Vasculum
432 999 562 1041 etruscum
580 989 618 1041 16
641 1006 710 1043 nunc
733 996 878 1039 asservatur
897 989 925 1039 in
943 1005 1032 1041 museo
1051 992 1247 1058 Panormitano,

266 1082 299 1133 cf.
318 1081 423 1132 Martha
440 1081 499 1129 l'art
517 1081 638 1151 etrusque
656 1095 683 1146 p.
703 1076 765 1131 474.

111 1168 142 1217 ad
160 1184 185 1235 p.
197 1167 239 1222 15.
267 1170 396 1219 Nummus
413 1168 576 1218 sebastenus
594 1167 714 1233 Septimii
728 1167 819 1217 Severi
841 1166 935 1216 eodem
953 1167 1028 1229 signo
1047 1174 1152 1218 ornatus
1171 1176 1248 1235 atque

264 1256 326 1309 113
345 1257 430 1307 editus
450 1262 491 1304 est
508 1255 634 1307 Zeitschr.
653 1256 670 1307 f.
684 1255 815 1306 Numism.
834 1254 920 1304 XVII
937 1255 989 1306 tab.
1010 1256 1037 1304 Π
1057 1254 1098 1315 15,
1118 1257 1149 1308 cf.
1169 1274 1194 1322 p.
1204 1256 1248 1311 23.

109 1346 141 1393 ad
159 1362 183 1411 p.
194 1344 237 1398 21.
264 1348 296 1394 ln
314 1360 433 1415 museum
446 1345 624 1397 academicum
637 1349 863 1408 Argentoratense
876 1358 958 1408 nuper
972 1345 1091 1409 pervenit
1104 1344 1246 1405 vasculum,

267 1431 340 1498 quod
352 1434 420 1483 utin
431 1449 516 1482 meum
529 1449 605 1483 usum
615 1432 791 1483 delinearetur
803 1431 948 1482 liberaliter
961 1431 1089 1482 concessit
1097 1431 1247 1483 Michaelis:

268 1519 326 1572 20³².
354 1521 488 1588 Amphora
509 1537 589 1588 parva
614 1522 674 1573 artis
699 1521 823 1587 pulchrae
846 1522 875 1570 in
899 1528 1010 1586 utraque
1035 1530 1108 1586 parte
1134 1521 1249 1585 singulas

265 1609 360 1671 figuras
379 1612 527 1662 continens:
555 1613 590 1662 A.
609 1612 719 1661 Perseus
738 1610 878 1675 chlamyde
896 1609 984 1672 caligis
1001 1609 1073 1676 pileo
1088 1608 1122 1677 (Ρ)
1140 1611 1248 1660 vestitus

267 1701 351 1765 capite
370 1700 467 1750 reflexo
487 1700 520 1749 ad
539 1700 565 1752 d.
580 1700 666 1759 currit,
685 1700 711 1751 d.
725 1680 850 1748 Medusae
865 1705 943 1764 caput
955 1698 1101 1766 pulchrum,
1121 1716 1142 1751 s.
1155 1699 1249 1750 falcem

268 1795 383 1853 portans.
420 1789 450 1840 Β.
470 1788 564 1838 Mulier
582 1788 670 1837 tunica
686 1787 768 1851 longa
787 1787 886 1852 vestita,
906 1788 1007 1851 magnis
1025 1787 1073 1837 alis
1088 1788 1249 1837 umeralibus

265 1877 385 1942 praedita
408 1877 530 1927 manibus
553 1877 683 1942 protentis
707 1877 740 1925 ad
760 1877 784 1927 d.
803 1877 890 1928 currit.
927 1876 1001 1939 Quae
1020 1877 1118 1926 femina
1134 1875 1197 1926 licet
1216 1878 1250 1926 ad

267 1965 444 2015 Victoriarum
470 1965 601 2031 exemplar
625 1965 683 2016 ficta
707 1965 750 2025 sit,
778 1965 830 2014 hoc
853 1966 914 2014 loco
939 1980 992 2014 non
1010 1971 1097 2030 potest
1115 1980 1169 2015 non
1190 1981 1250 2015 esse

267 2055 357 2117 Gorgo
378 2055 504 2104 Perseum
522 2062 668 2119 persecuta.
685 2053 776 2103 Pictor
793 2054 922 2103 Medusae
941 2054 1050 2103 formam
1068 2052 1200 2118 pulchram
1218 2055 1251 2103 ad

267 2158 383 2192 sororem
402 2143 542 2194 transtulit.

108 2228 140 2277 ad
158 2246 184 2295 p.
195 2228 239 2282 27.
267 2231 385 2281 Tertium
415 2231 532 2280 ciusdem
559 2230 661 2293 generis
693 2236 770 2295 atque
792 2230 816 2279 Ο
841 2230 864 2288 1,
891 2228 908 2281 2
936 2230 1070 2281 vasculum
1098 2230 1251 2280 Loeschclre

268 2320 335 2370 vidit
352 2319 423 2384 apud
441 2319 588 2385 principem
605 2317 723 2383 Ruspoli
742 2319 773 2370 cf.
793 2319 829 2370 Α,
848 2321 874 2384 J.
894 2320 956 2386 VII,
974 2322 1042 2372 Anz.
1061 2336 1086 2384 p.
1100 2317 1143 2371 74.

109 2406 141 2454 ad
159 2423 186 2472 p.
197 2404 241 2459 28.
269 2407 341 2457 Infra
357 2408 379 2456 P
400 2407 414 2458 1
432 2408 599 2458 inserendum
616 2414 667 2458 est:

270 2494 310 2549 l*.
328 2496 437 2546 Lamina
455 2497 566 2547 rotunda
585 2495 681 2563 duplex
698 2496 726 2545 in
738 2496 846 2547 Cabirio
860 2495 988 2548 Thebano
1006 2498 1112 2547 inventa
1131 2497 1250 2548 eiusdem

268 2585 371 2648 generis
401 2592 479 2652 atque
506 2603 536 2636 ea
559 2602 627 2652 quae
652 2586 723 2636 edita
745 2593 783 2637 est
800 2581 862 2652 Ἐφ.
881 2585 943 2651 ἀρχ.
961 2584 1031 2640 1885
1052 2587 1096 2636 tab
1114 2588 1141 2636 V
1155 2586 1188 2653 Ι1;
1219 2587 1250 2638 ci.
1299 2653 1302 2659 ,

268 2673 366 2726 Athen.
384 2676 455 2727 Mitt.
473 2676 545 2725 XIII
563 2691 588 2741 p.
610 2673 671 2728 413.
1080 2696 1082 2699 ·

306 2764 338 2812 In
364 2770 472 2831 utraque
500 2764 597 2814 lamina
619 2763 705 2814 media
729 2763 842 2814 circulus
860 2763 933 2826 niger
950 2762 1064 2812 continet
1080 2761 1189 2825 figuram
1208 2778 1250 2811 ru·

268 2852 342 2902 bram
360 2853 424 2903 satis
442 2852 613 2915 indiligenter
636 2854 749 2916 pictam:
777 2854 812 2902 A.
833 2852 948 2900 Perseus
976 2851 1055 2899 currit
1078 2865 1137 2900 cum
1160 2849 1251 2917 harpe,

268 2941 298 2991 B.
317 2941 432 2991 Medusa
448 2942 537 2990 tunica
555 2941 627 2990 brevi
646 2941 741 2989 vestita
759 2940 793 2988 ad
810 2954 902 3005 rupem
921 2939 1046 2989 acclinata
1065 2939 1168 2992 dormit.

108 3026 141 3075 ad
161 3042 187 3093 p.
198 3026 242 3079 32.
269 3028 390 3077 Numinis
408 3028 522 3077 Iconicis
542 3028 740 3091 subiungendus
758 3034 809 3078 est:
1100 3086 1102 3089 ¹

269 3113 328 3168 32³³.
346 3117 475 3165 Nummus
490 3115 627 3166 Tarsensis
646 3115 678 3167 cf.
698 3116 925 3166 Imhoof·Blumer
944 3117 1070 3169 Zeitschr.
1090 3118 1107 3170 s.
1120 3117 1250 3169 Numism.

268 3205 309 3253 III
326 3220 353 3270 p.
363 3203 424 3258 333.

307 3294 421 3344 Perseus
440 3293 540 3359 harpen
559 3309 580 3345 s.
599 3300 693 3344 tenens
713 3296 829 3344 dextram
847 3294 925 3344 offert
940 3291 1117 3360 Apollini..

203 3382 241 3434 ib.
269 3379 328 3434 37*.
354 3376 467 3432 nummis
486 3381 603 3432 Ponticis
622 3382 739 3432 addendi
758 3389 828 3433 sunt:
858 3400 881 3448 a,
905 3384 931 3442 b,
958 3384 1069 3433 Nummi
1087 3381 1251 3433 Mithridatis
1299 3367 1303 3374 ¹

269 3472 408 3537 Eupatoria
426 3477 453 3519 et
464 3470 556 3521 Mithr.
569 3469 738 3537 Philadelphi
756 3471 789 3522 cs.
799 3471 853 3523 ΖΛ.
864 3472 900 3522 N.
919 3471 960 3521 IV
971 3488 997 3537 p.
1008 3469 1069 3531 232,
1088 3472 1144 3522 XV
1153 3487 1180 3536 p.
1190 3469 1252 3524 205.

309 3560 420 3611 Perseus
449 3559 589 3625 chlamyde
617 3566 643 3608 et
671 3560 743 3625 pileo
768 3559 878 3626 phrygio
901 3560 1009 3610 vestitus
1033 3560 1082 3609 alis
1110 3559 1252 3625 pedalibus

270 3648 410 3700 instructus
437 3651 528 3701 dextra
556 3659 640 3717 portat
667 3652 798 3702 Medusae
825 3659 902 3717 caput
929 3652 1070 3718 antiquius,
1104 3668 1124 3703 s.
1152 3651 1253 3716 harpen

268 3751 359 3789 umero
378 3740 496 3792 acclinat.

112 3818 144 3867 ad
163 3837 188 3887 p.
199 3823 241 3877 33.
270 3826 391 3877 Nummis
409 3826 588 3879 Macedonicis
607 3829 791 3894 subiungatur:

271 3914 331 3969 39⁴³.
350 3919 480 3977 Nummus
497 3919 649 3969 Larissaeus
668 3918 821 3970 Thessaliae
838 3919 870 3969 cf.
889 3920 917 3971 Z.
936 3920 953 3972 f.
971 3919 1008 3972 N.
1025 3935 1051 3986 p.
1063 3917 1106 3972 75.

309 4006 394 4072 Caput
420 4006 599 4076 femininum(
613 4010 726 4058 Perseus
754 4009 788 4058 ad
811 4025 832 4060 s.
855 4023 998 4060 conversus
1022 4009 1047 4060 d.
1072 4013 1174 4060 extenta
1192 4006 1251 4058 har·

270 4108 330 4161 pen,
350 4111 370 4147 s.
392 4096 505 4146 demissa
522 4097 649 4147 Medusae
670 4104 746 4161 caput
763 4103 856 4163 portat.

582 4300 780 4312 ...μ-...ημ-
