3334 5042
668 420 873 486 ,51-

279 617 366 694 Quae
389 618 471 681 ratio
493 622 600 681 antem
622 617 706 680 inter
729 617 853 680 fabulas
875 617 1001 699 proprie
1019 618 1155 701 Argivas
1171 621 1204 682 et
1219 639 1347 684 carmen

191 727 314 809 epicum
347 723 532 802 intercedat,
568 744 663 807 quam
697 723 824 807 quidem
859 723 1048 786 artissimam
1082 745 1147 788 esse
1170 725 1280 801 sentis,
1315 725 1348 787 in

190 832 286 897 tertia
308 831 584 895 commentationis
606 834 697 912 parte
720 849 885 913 exponam,
910 829 964 891 ubi
988 828 1048 893 hoe
1070 830 1236 914 praecipue
1253 850 1350 912 quae·

191 937 322 1003 rendum
353 937 413 1000 erit
440 940 548 1001 utrum
576 935 701 1001 fabulae
725 936 863 1020 Argivae
886 957 923 998 ex
947 936 1126 1000 narratione
1150 918 1238 1020 epioe
1262 942 1350 1001 ortae

193 1047 259 1109 sint
281 1067 321 1108 an
346 1044 551 1127 antiquiores·
564 1041 691 1107 fuerint.

299 1290 319 1377 ξ
343 1291 373 1355 6.
408 1291 553 1357 Poetae
575 1292 734 1374 tragici3
760 1292 975 1375 scriptores
997 1293 1246 1373 posteriores,

280 1435 367 1512 Quae
402 1435 441 1498 de
475 1434 576 1498 Iliade
610 1454 707 1516 parva
746 1435 947 1516 exposuimus
984 1435 1079 1497 etiam
1122 1436 1244 1499 ratione
1277 1456 1352 1498 eon·

194 1543 362 1606 firmantur
386 1562 449 1623 qua
464 1540 598 1604 Palladii
621 1542 733 1622 raptus
756 1540 788 1602 in
811 1540 974 1624 tragoedia
996 1545 1150 1604 tractatus
1174 1546 1242 1604 erat
1262 1543 1352 1625 cujus

178 1653 416 1733 ‘argumentum
443 1667 481 1710 ex
509 1647 648 1710 carmine
670 1647 758 1728 epico
782 1650 945 1729 sumptum
974 1668 1040 1710 esse
1062 1647 1233 1711 Aristoteles
1255 1648 1354 1712 tradit

195 1755 296 1835 (Poet.
320 1754 363 1820 23
386 1776 416 1836 p.
441 1750 577 1837 racab).

249 1844 251 1847 ¹
283 1858 331 1924 Ibi
359 1859 444 1923 enim
470 1857 675 1942 philosophus
702 1858 785 1922 inter
814 1855 964 1944 πτωχείαν
987 1864 1019 1923 et
1040 1855 1117 1919 Ἰλίαν
1141 1857 1242 1942 πέραν
1264 1860 1356 1942 ponit

196 1965 352 2043 Adrianus,
377 1987 440 2048 qua
463 1964 572 2029 fabula
586 1964 720 2029 Palladii
743 1970 873 2048 raptum
896 1969 1067 2029 tractatum
1084 1987 1150 2028 esse
1169 1964 1355 2030 Welckerus

198 2068 317 2155 vidit.¹)

284 2177 370 2240 Haeo
405 2178 510 2261 opinio
545 2176 724 2259 fragmento
758 2200 777 2240 a
804 2177 928 2241 Polluce
962 2182 1086 2241 servato
1119 2179 1354 2261 comprobatur,

197 2285 327 2367 eeujus
362 2284 464 2347 verbis
498 2281 651 2369 Sophoclis
685 2284 768 2348 hanc
802 2286 998 2366 tragoediam
1027 2304 1094 2348 esse
1117 2285 1278 2349 discimus:
1304 2287 1356 2360 9,4

197 2387 335 2475 (Nauck,
368 2389 465 2473 Trag.
495 2391 605 2454 Graec.
640 2385 690 2453 F.²
718 2389 796 2471 210)
832 2388 991 2477 Σοφοκλῆς
1022 2388 1054 2451 ἐν
1088 2387 1250 2457 Λακαίναις
1282 2389 1359 2471 λέγει

201 2495 324 2582 »στενὴν
347 2491 483 2578 (λ’ἔδνμεν
506 2493 618 2578 ψαλίδα
641 2494 712 2558 κούκ
741 2494 948 2582 ἀβόρβαρανκ.
999 2496 1048 2560 Of.
1074 2495 1195 2561 Sauos
1224 2495 1254 2560 lI
1281 2498 1356 2561 166:

200 2603 322 2668 ›Diom
347 2607 381 2667 et
403 2602 510 2667 Vlixes
534 2651 542 2666 .
568 2651 574 2663 .
600 2609 636 2666 ut
658 2604 721 2681 alii,
746 2605 858 2667 cloacis
881 2605 1090 2668 ascenderunt
1113 2625 1247 2667 arcem«

286 2708 373 2773 Duas
388 2730 439 2773 res
454 2709 608 2792 imprimis
632 2731 670 2772 ex
695 2711 754 2772 hoe
777 2710 959 2794 fragmento
975 2711 1195 2793 comperimus,
1219 2711 1359 2793 primum

199 2819 370 2897 utrumque
393 2816 521 2880 heroem
544 2816 627 2898 apud
653 2813 842 2898 Sophoclem
868 2817 904 2879 in
926 2817 1037 2880 urbem
1066 2821 1259 2898 penetrasse,
1289 2820 1358 2879 tum

199 2919 378 2985 Palladium
412 2919 452 2985 ab
481 2922 525 2984 eis
553 2919 640 2984 furto
664 2927 821 2985 nocturno
856 2923 998 2987 ablatum
1033 2945 1105 2986 esse.
1163 2920 1360 3006 Tragoedias

199 3028 440 3111 inscriptionem
465 3027 580 3092 deinde
596 3029 633 3092 ad
652 3028 784 3091 chorum
807 3027 1006 3093 referendam
1022 3050 1088 3093 esse
1104 3033 1245 3110 apparet,
1265 3051 1358 3111 quem

200 3157 237 3197 ex
260 3133 443 3198 mulieribus
468 3134 616 3199 Lacaenis
644 3135 825 3198 constitisse
847 3136 921 3199 inde
950 3135 1150 3219 perspicuum
1178 3140 1234 3197 est.
1282 3133 1359 3198 Pro·

146 3240 149 3244 ’
199 3239 349 3305 habiliter
379 3239 613 3329 intelleguntur
639 3239 779 3304 Helenae
812 3262 919 3306 servae
953 3260 1036 3324 quae
1069 3262 1141 3305 enm
1169 3260 1207 3303 ea
1234 3239 1361 3324 Trojam

200 3352 293 3411 erant
316 3346 487 3430 profectae.
523 3344 616 3410 Vnde
638 3352 725 3410 recte
741 3349 800 3411 viri
824 3347 912 3413 docti
932 3346 1103 3430 conjecisse
1119 3347 1197 3410 milri
1213 3347 1361 3410 videntur

201 3458 234 3518 et
256 3451 408 3517 Helenam
433 3454 537 3538 ipsam
560 3453 594 3516 in
619 3453 678 3517 hae
700 3452 812 3518 fabula
834 3458 941 3536 partes
965 3454 1117 3535 quasdam
1142 3453 1327 3535 suscepisse.

289 3559 338 3623 Ex
361 3561 410 3623 his
434 3581 499 3623 non
523 3560 590 3623 sine
612 3558 753 3642 quadam
776 3562 842 3625 veri
866 3560 967 3643 specie
982 3559 1169 3624 Welckerus
1185 3560 1363 3642 suspicatus

201 3671 250 3729 est
283 3665 460 3730 Palladium
492 3687 554 3730 non
591 3670 657 3729 tam
689 3666 721 3729 vi
755 3665 968 3748 violentiaque
996 3686 1092 3748 quam
1122 3665 1192 3730 dolo
1221 3686 1362 3753 ac-Aper·

201 3773 347 3836 suasione
370 3777 496 3855 raptum
521 3767 628 3849 esse.²)
678 3771 765 3835 Haec
787 3792 861 3836 cunr
877 3771 979 3836 Vlixis
1002 3791 1138 3854 persona
1153 3771 1272 3855 optime
1288 3793 1362 3835 con-

275 3983 293 4050 ¹)
312 3981 441 4049 Welelrer,
459 3980 510 4037 Die
529 3980 627 4051 griech.
646 3980 723 4050 Trag.
742 3980 754 4034 l
773 3979 826 4035 146
833 3996 893 4051 sqq.

274 4071 297 4140 ²)
316 4069 361 4126 Gr.
380 4070 458 4140 Trag.
476 4070 494 4125 l.
514 4085 551 4124 a:
579 4070 635 4124 Auo
662 4069 762 4123 diesem
781 4068 853 4123 Ohor
876 4069 977 4138 ergielrt
1000 4068 1057 4123 sich
1081 4067 1212 4139 sogleich,
1239 4068 1302 4123 dass
1321 4068 1364 4122 die

203 4157 377 4228 Schilderung
404 4175 456 4212 von
483 4158 530 4212 der
557 4159 744 4228 gewaltsamen
770 4158 834 4213 oder
857 4156 983 4211 heimlich
1006 4157 1114 4212 kdhnen
1133 4157 1294 4227 Wagnahme
1316 4156 1364 4211 des

202 4246 374 4314 Palladiums,
392 4247 440 4301 wie
458 4247 505 4301 wir
522 4246 565 4301 bei
583 4246 665 4317 Virgil
683 4247 736 4301 und
757 4246 822 4301 Ouid
842 4246 924 4313 lesen,
944 4245 1001 4299 sich
1018 4245 1139 4315 ‘ganzlich
1158 4244 1364 4300 unterseheidet.

1169 4352 1203 4407 4*
