3334 5042
819 245 862 312 24

733 338 946 348 ————-

254 442 403 533 agitur.¹)
449 443 589 512 Medusa
610 444 814 511 interficitur.
866 444 914 510 Ac
936 444 1080 510 Perseus
1108 441 1229 510 collum
1256 445 1328 510 eius
1355 466 1427 531 per·

254 566 354 638 secat,
391 578 457 620 non
491 564 527 619 ut
553 554 720 639 Pegasum
742 565 776 619 et
804 554 1023 640 Chrysaorem
1060 554 1094 617 in
1120 552 1228 617 lucem
1256 552 1427 639 producat,

254 663 315 727 sed
349 664 528 748 ut‘ipsum
564 671 662 748 caput
697 661 926 746 Gorgoneum,
969 661 1187 747 expeditionis
1222 658 1429 746 periculosae

253 772 445 857 praemium,
481 778 710 855 consequatur.
758 769 809 833 Ac
838 793 897 834 cur
929 778 1028 855 caput
1062 790 1175 832 secum
1210 776 1364 854 portaret,
1401 768 1431 830 si

252 880 350 941 unius
379 885 468 941 ortus
497 899 599 941 causa
621 876 789 941 abscisum
820 874 930 940 esset?
974 877 1090 962 Neque
1115 874 1202 961 quod
1225 875 1374 961 Pegasus
1398 883 1431 938 ct

255 982 421 1070 Chrysaor
445 984 546 1048 caede
571 983 737 1069 Gorgonis
761 984 933 1070 prodeunt,
958 984 1072 1047 Persei
1095 981 1241 1065 consilio,
1267 982 1326 1047 sed
1350 1004 1430 1047 casu

254 1092 300 1173 fit,
325 1112 434 1175 neque
458 1091 501 1155 ad
523 1093 634 1184 ipsum
653 1091 768 1155 Persei
792 1091 921 1156 facinus
945 1092 1093 1176 pertinet.
1130 1089 1226 1171 Quod
1250 1112 1323 1155 cum
1347 1089 1430 1152 litte·

254 1224 364 1267 rarum
399 1204 594 1266 testimoniis
631 1203 797 1286 cognosci,
832 1211 899 1265 tum
931 1203 1009 1266 artis
1037 1200 1257 1265 monumentis
1285 1197 1431 1283 perspici

254 1317 371 1397 potest.
417 1309 533 1395 Neque
558 1309 645 1373 enim
668 1308 812 1372 Perseus
829 1309 948 1392 Pegasi
966 1315 1071 1373 ortum
1096 1316 1197 1389 curat,
1224 1305 1284 1369 sed
1301 1324 1431 1389 semper

253 1420 318 1482 iam
343 1417 506 1498 discessit,
531 1438 606 1481 cum
630 1417 780 1500 Pegasus
803 1418 959 1479 nascitur.
1009 1413 1104 1496 Quod
1129 1437 1204 1478 curn
1228 1415 1262 1477 in
1286 1410 1430 1497 singulo-

255 1547 326 1588 rum
363 1546 498 1609 operum
532 1522 752 1608 descriptione
789 1544 889 1607 supra
922 1522 1115 1592 monuerim.
1150 1518 1228 1584 illuc
1262 1519 1431 1604 relegassc

256 1633 335 1696 satis
359 1629 473 1695 habeo.
520 1629 628 1714 Atque
652 1651 694 1693 ne
718 1627 853 1693 Melium
884 1628 1017 1714 quidem
1041 1626 1262 1713 anaglyphum
1297 1628 1330 1690 in
1366 1646 1430 1712 quo

259 1739 400 1802 Perseus
418 1738 540 1821 Pegato
558 1736 688 1800 vehitur
716 1734 769 1822 (cf.
792 1761 824 1823 p.
845 1737 886 1801 19
909 1733 983 1821 sq),
1013 1736 1181 1821 excipitur.
1222 1734 1352 1798 Etenim
1378 1731 1431 1797 hic

257 1866 386 1930 quoque
411 1845 554 1908 Perseus
583 1842 726 1908 terribile
756 1852 855 1929 caput
886 1865 999 1907 secum
1028 1851 1173 1928 asportat
1196 1864 1302 1928 neque
1327 1840 1431 1927 Chry·

256 1974 396 2030 sacrem,
421 1953 474 2016 cui
489 1951 638 2036 Pegasus
662 1961 697 2015 ut
715 1950 880 2036 Gorgonis
906 1953 1004 2036 stirps
1029 1951 1160 2014 omnino
1177 1972 1237 2035 par
1253 1959 1313 2031 est,
1339 1951 1430 2035 quic·

257 2081 354 2144 quam
390 2067 492 2121 curat.
537 2058 653 2143 Neque
681 2060 716 2122 in
738 2059 863 2121 maiore
898 2065 1183 2121 monumentorum
1219 2065 1310 2142 parte
1347 2077 1431 2144 quae

255 2165 297 2229 ad
332 2165 467 2229 caedem
498 2164 662 2249 Gorgonis
697 2188 716 2229 a
750 2166 872 2229 Perseo
907 2166 1028 2229 factam
1063 2166 1237 2251 pertinent,
1273 2163 1431 2227 mirabilis

258 2281 347 2336 ortus
373 2274 503 2336 omniuo
529 2293 708 2357 expressus
734 2271 829 2357 est.²)
869 2271 966 2336 Unde
990 2293 1055 2335 nou
1080 2273 1188 2334 minus
1206 2281 1296 2356 patet
1313 2271 1433 2356 Pegasi

260 2381 418 2464 originem
450 2379 491 2442 ad
516 2379 629 2443 Persei
662 2379 790 2449 facinus
819 2378 941 2442 nullius
976 2379 1131 2442 momenti
1167 2401 1251 2443 esse.
1291 2379 1432 2442 Litteras
1530 2418 1532 2421 -
1644 2398 1648 2409 “

258 2496 366 2550 autem
403 2508 476 2550 cum
512 2488 590 2551 artis
627 2485 782 2572 operibus
812 2487 987 2550 concinere
1018 2487 1083 2548 iam
1114 2485 1267 2550 diximus.
1316 2484 1433 2550 Ortum

257 2596 344 2658 enirn
374 2594 492 2679 Pegasi
518 2607 549 2657 et
573 2592 768 2681 Chrysaoris
804 2603 880 2679 post
914 2593 1050 2657 caedem
1078 2576 1250 2678 'Gorgonis
1282 2596 1433 2658 evenisse
1522 2674 1524 2681 .

258 2726 337 2766 sane
354 2711 523 2767 testantur.
564 2700 630 2766 Sed
644 2703 802 2766 Perseum
820 2712 910 2765 ortus
928 2723 1030 2765 causa
1046 2701 1287 2787 expeditionem
1311 2694 1433 2765 fecisse

256 2832 420 2896 nusquam
444 2808 597 2873 traditum
621 2818 680 2873 est.
727 2809 858 2875 Caedes
881 2810 981 2894 igitur
1004 2808 1163 2872 Medusae
1187 2830 1253 2872 non
1277 2818 1367 2872 ortus
1392 2807 1432 2872 ab

258 2919 329 3002 ipso
350 2917 467 3001 Persei
490 2914 637 2980 facinore
661 2916 768 2999 alieni,
795 2917 854 2981 sed
879 2919 984 3003 ipsius
1010 2936 1111 2980 causa
1135 2913 1285 2979 confecta
1309 2923 1367 2979 est.

351 3022 413 3088 Cui
442 3025 490 3086 rei
520 3025 615 3087 etiam
645 3023 708 3088 hoc
753 3027 985 3110 patrocinatur,
1031 3023 1118 3109 quod
1148 3032 1282 3087 matrem
1316 3023 1436 3108 Pegasi

257 3133 360 3217 primo
389 3132 543 3216 equinam
570 3129 674 3194 fuisse
704 3154 804 3217 supra
831 3131 975 3195 vidimus
1006 3128 1058 3215 (cf.
1085 3151 1114 3212 p.
1140 3130 1160 3193 3
1185 3132 1259 3216 sq).
1313 3129 1435 3196 Contra

260 3247 358 3323 caput
380 3262 400 3302 a
422 3239 546 3302 Perseo
570 3238 736 3302 abscisum
762 3240 912 3325 quamvis
936 3228 1081 3301 terribile
1098 3239 1149 3317 sit,
1173 3247 1284 3302 tamen
1304 3262 1436 3325 semper

259 3345 433 3410 humanam
473 3347 617 3432 speciem
656 3345 800 3432 praebet.
857 3345 953 3411 Unde
989 3354 1077 3431 patet
1112 3347 1254 3432 capitis
1296 3347 1434 3411 desec-

259 3454 402 3518 tionem
427 3476 446 3516 a
469 3456 593 3539 prima
615 3452 684 3516 illa
701 3453 895 3538 Gorgonis
912 3453 1189 3539 formantique
1206 3453 1372 3519 alienam
1391 3478 1434 3519 ac

259 3570 397 3645 postea
421 3559 573 3624 demum
597 3582 685 3624 esse
709 3559 947 3645 adiectam.³)

349 3666 458 3752 Atque
495 3668 630 3732 caedem
666 3678 837 3754 ortumque
876 3670 981 3754 primo
1020 3691 1086 3733 nou
1126 3669 1315 3734 cohaesisse
1354 3670 1436 3736 haec

262 3795 393 3860 quoque
418 3773 614 3839 documento
640 3785 724 3840 sunt.

350 3881 444 3945 Aliae
480 3881 564 3946 duae
600 3882 640 3946 de
675 3882 833 3948 Medusae
871 3885 973 3949 caede
1010 3882 1139 3949 fabulae
1176 3885 1314 3950 traditae
1350 3896 1434 3950 sunt.

352 4096 371 4159 ¹)
392 4093 470 4159 Quod
491 4094 651 4148 Ducmmler
673 4095 702 4149 in
720 4096 894 4152 Paul.·Wiss.
919 4115 940 4150 s.
965 4116 989 4150 v.
1013 4097 1125 4151 Athena
1147 4096 1177 4150 ΙΙ
1200 4117 1227 4166 p.
1248 4097 1317 4152 1973
1335 4097 1436 4152 iniuria

261 4184 383 4239 invertit.

351 4274 371 4338 ²)
392 4271 433 4325 Cf.
454 4272 544 4325 Knatz
564 4272 579 4325 l.
600 4290 622 4325 c.
643 4291 667 4342 p.
691 4273 723 4325 17
744 4292 784 4343 sq.

369 4363 388 4427 Β)
409 4361 449 4414 Cf.
468 4362 635 4432 Langbchn,
660 4361 921 4431 Fluegelgestaiten
941 4364 967 4419 d.
989 4366 1037 4417 alt.
1057 4365 1163 4429 griech.
1186 4365 1277 4419 Kunst
1297 4367 1389 4434 (1881)
1408 4387 1436 4436 p.

262 4453 310 4506 131
332 4470 384 4520 sq.;
409 4450 602 4517 Milchhoeier,
623 4453 705 4505 Arch.
727 4452 788 4522 Zig.
810 4453 846 4506 39
869 4454 961 4525 (1881)
981 4474 1008 4523 p.
1032 4454 1084 4507 283
1108 4473 1164 4523 sq.;
1193 4456 1222 4510 P.
1245 4457 1435 4520 Kretschmer,

264 4542 346 4597 Arch.
366 4539 466 4594 Jahrb.
486 4539 551 4592 vlu
572 4540 664 4608 (1893)
683 4558 701 4610 p
730 4542 773 4594 34.
