3334 5042
644 471 861 535 ..211-

262 665 471 731 Gassandram
505 670 611 731 autam
650 667 783 731 intentis
817 666 917 732 oculis
953 667 1123 732 observant
1160 665 1335 731 nonnullae

173 774 295 857 figurae
311 774 438 857 quaein
455 773 588 839 sinistra
604 773 732 838 tabulae
749 776 838 857 parte
856 773 1106 858 conspiciuntur.
1123 810 1165 819 -
1181 772 1340 837 Helenam·

172 880 224 945 hic
251 879 410 958 videmus,
446 902 527 963 quae
554 879 665 944 dextra
687 884 835 965 protenta
863 878 982 959 Priami
1011 881 1109 945 filiam
1144 878 1335 945 delirantem

173 986 344 1051 comitibus
360 987 425 1051 suis
448 987 599 1055 ostendit,
623 1009 757 1070 quorum
782 985 872 1064 alter,
891 986 1012 1066 Vlixes,
1037 985 1215 1071 chlamyde,
1239 985 1333 1071 pileo,

173 1093 288 1158 calceis
312 1094 455 1172 vestitus,
480 1093 611 1157 sinistra
631 1091 812 1158 Palladium
835 1097 935 1171 tenet,
960 1095 1074 1158 dextra
1088 1094 1220 1159 barbam
1237 1092 1341 1158 corri·'

172 1201 230 1286 pit.
263 1199 332 1266 Hoc
347 1204 441 1285 gestu
453 1199 617 1283 totiusque
634 1200 757 1285 figurae
780 1200 895 1265 habitu
918 1200 1038 1284 optime
1061 1200 1333 1284 exprimiturque

172 1329 244 1372 cum
268 1309 367 1371 animi
390 1305 568 1371 intentione
591 1307 687 1371 verba
709 1311 879 1389 motusque
891 1304 1086 1372 Cassandrae
1110 1308 1266 1372 observet.
1292 1330 1343 1352 —·

173 1414 260 1479 Inter
275 1413 431 1479 Helenam
455 1416 487 1477 et
514 1410 641 1476 Vlixem
666 1412 835 1478 Diomedes
859 1414 1013 1498 aspicitur
1036 1417 1068 1478 et
1083 1414 1151 1498 ipse
1167 1411 1334 1498 chlamyde

172 1521 348 1604 calceisque
364 1519 508 1598 vestitus,
526 1520 632 1603 capite
647 1519 749 1584 leonis
765 1521 887 1584 exuviis
903 1525 1025 1586 ornato.
1066 1518 1211 1604 Vterque
1228 1519 1333 1598 heros,

172 1634 331 1712 quantum
354 1628 481 1710 quidem
506 1626 642 1709 judicari
669 1632 783 1710 potest,
807 1628 937 1692 inermis
960 1631 1020 1691 est.
1064 1627 1164 1692 Juxta
1179 1626 1335 1692 Helenam

172 1756 262 1799 serva
278 1736 346 1819 ejus
358 1734 468 1798 Attica
490 1737 576 1797 astat
591 1732 723 1799 Aethra.
782 1732 901 1799 Omnes
924 1733 1047 1817 figvrrae
1069 1734 1199 1798 nomina
1213 1732 1335 1819 graecis

172 1841 291 1906 litteris
314 1841 451 1925 ascripta
473 1840 600 1904 habent.
684 1920 691 1928 ,Α

261 1947 436 2032 Expressus
449 1951 499 2011 est
514 1947 615 2031 igitur
627 1945 759 2010 Palladii
774 1946 903 2030 Trojani
913 1953 1035 2032 raptus.
1081 1947 1228 2033 Apparet·
1239 1966 1334 2032 porro

172 2060 301 2137 raptum
322 2055 388 2136 jam
410 2059 630 2138 perpetratum
654 2073 719 2116 esse
744 2057 776 2117 et
798 2054 832 2117 in
856 2075 892 2119 eo
921 2075 988 2119 esse
1010 2059 1048 2119 ut
1071 2054 1182 2120 heroes
1204 2055 1332 2118 abeant.

172 2159 246 2225 Non
280 2161 393 2225 dubito
432 2160 509 2245 quin
542 2158 719 2224 Palladium
750 2182 787 2224 ex
826 2181 864 2226 eo
902 2160 1022 2245 templo
1060 2162 1154 2225 modo
1189 2164 1335 2244 ereptum

172 2265 269 2332 fuerit
315 2269 399 2349 quod
445 2268 476 2330 in
517 2272 607 2352 parte
657 2266 831 2350 posteriore
871 2268 1074 2352 conspicitur.
1136 2267 1196 2332 Est
1233 2267 1335 2351 igitur

170 2375 261 2439 aedes
296 2371 457 2437 Minervae
491 2372 657 2457 Trojanae.
707 2372 827 2438 Heroes
861 2374 953 2459 signo
987 2378 1080 2459 rapto
1108 2372 1149 2439 ad
1177 2374 1335 2438 Helenam

171 2481 334 2545 redierunt
357 2486 389 2545 et
412 2502 499 2544 nunc
519 2482 614 2544 verba
628 2480 720 2545 avide
736 2481 897 2563 excipiunt
912 2501 993 2563 quae
1010 2480 1188 2546 Cassandra
1202 2482 1333 2546 numine

170 2588 322 2652 instincta
337 2587 469 2671 profert.
505 2587 602 2652 Haud
618 2588 750 2652 dubium
766 2590 814 2652 est
830 2588 909 2672 quin
924 2588 965 2652 ab
981 2608 1019 2652 ea
1030 2588 1160 2653 minime
1174 2589 1347 2672 conspecti

170 2692 298 2758 fuerint.
338 2693 388 2757 Ex
410 2693 481 2759 face
504 2700 611 2760 autem
635 2714 730 2776 quam
753 2698 844 2759 tenet
860 2694 1017 2777 Apollinis
1039 2694 1189 2760 sacerdos
1209 2699 1335 2760 noctem

172 2802 331 2885 essejure
354 2801 512 2887 conjicias.
1312 2818 1315 2824 ·

261 2906 380 2983 Quodsi
394 2929 478 2974 nunc
502 2908 582 2973 hauc
604 2908 717 2973 miram
742 2908 900 2993 picturam
922 2929 995 2973 cum
1017 2909 1229 2973 monumentis
1251 2928 1336 2972 com·

150 3033 319 3097 ⁴paramus
358 3037 438 3098 quae
465 3015 570 3080 adhuc
604 3015 876 3100 perlustravimus,
917 3036 1065 3100 magnam
1092 3013 1224 3099 praebet
1250 3015 1336 3079 simi-

171 3119 338 3185 litudinem
367 3142 439 3186 cum
466 3124 619 3206 amphora
641 3123 747 3208 Apula
772 3124 831 3186 sub
866 3142 917 3189 no.
940 3119 962 3186 b
989 3122 1157 3205 descripta.
1207 3121 1337 3185 Etenim

171 3228 309 3310 primum
335 3228 421 3293 illius
445 3252 572 3315 quoque
599 3231 762 3314 proprium
791 3234 841 3293 est
874 3230 959 3314 quod
986 3234 1097 3312 raptus
1120 3228 1258 3293 efficitur
1281 3227 1335 3293 ad·

169 3334 301 3416 juvante
324 3335 455 3401 Helena.
502 3337 603 3402 Locus
630 3357 759 3401 scaenae
783 3335 895 3401 deinde
921 3335 988 3399 fere
1010 3334 1095 3400 idem
1118 3340 1174 3413 est,
1203 3355 1275 3399 eum
1301 3333 1350 3397 in'

172 3441 335 3526 utriusque
358 3444 499 3527 picturae
521 3450 610 3527 parte
637 3444 809 3527 posteriore
822 3442 991 3526 templum
1014 3442 1175 3506 Minervae
1197 3438 1337 3505 Poliadis

171 3548 393 3632 conspiciatur.
423 3587 467 3598 -
502 3549 584 3615 Cave
613 3556 719 3614 tamen
753 3573 793 3614 ue
819 3550 869 3614 his
895 3547 1155 3613 similitudinibus
1182 3546 1337 3612 adductus

172 3656 366 3720 sacerdotem
389 3656 569 3739 fugientem
591 3657 764 3740 amphorae
781 3657 904 3740 Apulae
921 3655 1132 3720 Cassandram
1155 3674 1222 3719 csse
1245 3652 1346 3736 velis;·

172 3782 244 3824 nam
271 3799 314 3807 —
342 3785 383 3827 ne
417 3765 583 3848 utriusque
617 3763 739 3848 figurae
774 3763 1042 3828 dissimilitudines
1077 3782 1264 3837 enumerem,
1293 3797 1350 3819 —-.

174 3873 353 3951 temporum
369 3877 529 3935 momenta
544 3872 577 3934 in
593 3870 716 3934 duabus
731 3870 850 3934 tabulis
864 3870 954 3934 valde
977 3869 1141 3933 differunt:
1166 3867 1231 3932 illic
1253 3868 1337 3931 enim

173 3972 350 4040 Palladium
377 3979 514 4061 rapitur;
542 3978 593 4042 hic
618 3978 688 4062 jam
716 3982 807 4060 rapto
837 3977 1004 4041 discedunt
1030 3980 1182 4060 raptores.
1230 3973 1348 4039 Etiam

172 4082 258 4146 aliud
293 4082 458 4149 discrimen
494 4090 541 4149 est
575 4086 659 4169 quod
694 4085 728 4148 in
762 4084 882 4149 vasculi
916 4083 1043 4166 pictura
1077 4083 1128 4165 (ut
1161 4084 1194 4146 in
1223 4080 1336 4146 ceteris

171 4187 399 4274 monumentis)
433 4192 562 4275 signum
596 4214 614 4255 a
642 4190 795 4256 Diomede
824 4191 961 4275 rapitur,
995 4190 1030 4254 in
1063 4189 1189 4274 pictura
1222 4188 1334 4271 pariet.

172 4300 279 4361 autem
302 4298 343 4362 ab
361 4296 454 4363 Vlixe
470 4305 624 4383 portatur.
664 4297 755 4374 Quod
770 4304 879 4362 tamen
896 4295 1029 4361 fortasse
1050 4319 1089 4361 ex
1104 4299 1337 4360 momentorum
