3334 5042
713 287 925 389 A...-

323 486 433 559 Caede
469 495 578 553 autem
613 486 701 551 facta
734 487 879 553 Perseus
902 487 1031 571 Pegaso
1065 486 1215 551 insidens
1250 486 1405 570 effugisse
1473 485 1475 487 ’

229 593 357 666 dicitur.
406 595 447 660 Ut
482 593 675 660 Schmieder
710 594 804 663 dicit:
843 576 974 661 Bebead
1008 596 1091 677 torst
1123 616 1157 658 er
1176 596 1249 668 ¹dos
1281 582 1430 675 Haupt*

227 702 380 786 schwiapt
406 703 472 767 sich
501 703 577 785 oasa
602 701 686 767 Rosa
713 703 780 768 aad
814 703 931 768 wandel
959 723 992 767 es
1024 723 1097 767 aum
1121 702 1291 784 Raeoltaa'q
1314 699 1404 786 aest)

228 808 338 896 Atque
361 811 396 873 in
418 810 562 894 imagine
586 809 627 873 ad
652 806 750 874 Ovid.
775 809 852 874 Met.
875 809 924 873 IV
947 808 1012 874 655
1037 832 1086 897 sq.
1110 809 1197 873 facta
1219 809 1361 873 Perseus
1386 832 1406 872 a

230 915 440 1001 Gorgonibus
464 916 595 981 rediens
619 917 747 1002 Pegaso
770 915 940 1001 ventura)
977 916 1074 997 Quod
1099 940 1177 981 sane
1202 939 1277 981 oum
1294 913 1406 981 Ovidii

229 1023 339 1088 verbis
363 1025 494 1088 minime
520 1025 672 1089 concinit.

319 1130 446 1212 Quodsi
470 1131 619 1216 Pegasus
647 1142 827 1218 perpetuus
852 1133 967 1196 Persei
1002 1133 1112 1196 socius
1147 1141 1288 1219 putatur,
1325 1155 1405 1197 sane

230 1240 327 1302 etiam
351 1232 384 1301 in
409 1239 561 1303 draconis
587 1238 689 1304 caede
714 1248 934 1325 exspectatur,
963 1241 1057 1304 cuius
1085 1241 1119 1303 in
1142 1247 1305 1325 potestate
1330 1251 1404 1302 An-

229 1346 412 1410 dromeda
447 1345 551 1410 fuisse
588 1345 701 1411 fertur.
754 1345 851 1426 Quod
888 1346 1021 1433 quidem
1046 1348 1079 1409 in
1111 1345 1237 1410 crebris
1266 1346 1403 1432 antiqui·

231 1454 306 1517 tatis
330 1454 525 1517 testimoniis
551 1474 634 1538 quae
651 1452 693 1516 ad
709 1452 942 1516 Andromedae
966 1452 1110 1517 fabulam
1126 1454 1300 1539 pertinent,
1325 1444 1415 1517 nus-v

233 1583 332 1647 quam
356 1562 507 1625 occurrit.

317 1669 440 1733 Verum
464 1670 498 1732 in
521 1669 739 1733 monumentis
775 1668 963 1732 recentibus
998 1667 1073 1755 plus
1098 1667 1203 1732 semel
1229 1660 1409 1733 invenitur.-

228 1777 273 1841 Ut
295 1777 328 1839 in
352 1798 452 1840 unae
477 1768 700 1841 celeberrimis
724 1777 861 1861 picturis
877 1777 1061 1863 parietariis
1082 1774 1193 1862 palatii
1210 1776 1405 1840 Farnesiani

229 1884 372 1947 Perseus
399 1883 529 1968 Pegaso
562 1892 677 1947 vectus
709 1883 751 1946 ad
777 1882 1025 1948 Andromedam
1056 1872 1257 1949 liberandam
1287 1906 1403 1969 apprc·
1465 1967 1467 1969 ‚

227 1992 373 2076 pinquat.
421 1989 518 2071 Quod
542 2011 623 2076 opus
648 2012 713 2054 non
737 1989 778 2054 ab
803 1989 989 2054 Hannibale
1014 1990 1189 2055 Carraccio
1214 1990 1274 2055 sed
1297 1991 1401 2055 aDo-

228 2098 412 2163 menichino
451 2099 626 2162 maximam
671 2107 759 2162 certe
797 2107 924 2185 partem
962 2096 1084 2162 factum
1121 2120 1195 2161 esse
1230 2098 1412 2182 iudicatur.-

161 2253 165 2259 .
227 2204 334 2268 Etiam
374 2206 407 2268 in
444 2203 555 2268 tabula
593 2207 699 2268 musei
732 2204 916 2270 Oasseliani
954 2204 995 2269 ab
1027 2204 1217 2270 Alexandro
1257 2195 1401 2271 Turchio

227 2314 315 2398 picta
349 2313 492 2376 Perseus
527 2312 655 2395 Pegaso
685 2323 801 2376 vectus
826 2311 869 2376 ad
892 2313 1138 2378 Andromedam
1161 2335 1221 2398 per
1244 2335 1322 2377 aera
1345 2312 1401 2377 ad-

228 2420 361 2501 venia).
410 2420 517 2507 Atque
548 2421 582 2484 in
609 2419 719 2485 libello
746 2422 903 2506 magistro
933 2420 1063 2485 cuidam
1090 2422 1266 2486 memoriae
1302 2443 1403 2485 causa

228 2525 379 2591 dedicato
415 2529 521 2592 musei
544 2527 824 2611 Vratislaviensis,
860 2529 949 2613 quod
984 2528 1401 2614 Kunstgewerbemuseum

171 2626 173 2631 ¹
228 2636 422 2716 nominatur,
470 2636 597 2719 pictura
630 2633 764 2722 linearis
800 2644 907 2699 exstat
942 2658 1026 2699 anno
1062 2659 1093 2723 p.
1132 2634 1209 2701 Chr.
1245 2659 1277 2699 n.
1316 2628 1412 2706 1654,

229 2741 325 2812 facta.
344 2764 428 2828 quae
446 2742 604 2807 Perseum
620 2742 750 2806 iamiam
769 2765 786 2809 e
803 2743 932 2827 Pegaso
951 2764 1025 2807 cum
1043 2743 1185 2807 dracone
1201 2750 1402 2828 pugnantem

227 2858 461 2934 repraesentat.
509 2848 663 2935 Denique
698 2848 921 2936 anaglyphum
957 2850 998 2914 ab
1023 2849 1063 2917 Ο.
1088 2850 1261 2934 Lessingio
1290 2850 1402 2915 fictum

227 2956 390 3039 afferatur,
416 2978 479 3043 quo
503 2955 648 3021 Berolini
671 2965 789 3041 puteus
807 2957 889 3021 Viae
906 2957 1007 3020 Latae
1032 2966 1165 3021 ornatus
1190 2966 1250 3020 est.
1282 2957 1319 3020 In
1338 2979 1401 3042 quo

226 3062 374 3147 Pegasus
403 3062 463 3127 alis
492 3061 642 3126 distentis
670 3065 761 3127 iuxta
784 3062 1031 3127 Andromedam
1059 3064 1093 3128 in
1122 3085 1201 3128 saxo
1231 3064 1402 3128 sedentem

228 3179 306 3253 stat3
330 3172 363 3233 in
380 3171 488 3234 antica
508 3179 618 3234 autem
639 3179 732 3255 parte
748 3170 891 3234 Perseus
912 3170 1052 3256 pedibus
1069 3194 1145 3236 oum
1162 3170 1303 3235 dracone
1321 3193 1401 3256 pug-

227 3286 292 3341 nat.
340 3277 438 3358 Quod
462 3279 533 3341 sine
558 3277 657 3341 dubio
683 3279 778 3363 spatii
803 3278 964 3363 angustiis
988 3278 1166 3342 adductum
1192 3278 1284 3362 est4)

318 3383 385 3449 Sed
413 3386 511 3448 etiam
544 3385 633 3471 apud
662 3386 840 3472 scriptores
876 3388 1077 3464 recentiores
1105 3387 1249 3451 Perseus
1280 3387 1401 3472 Pegasi

227 3515 288 3578 ope
312 3490 561 3557 Andromedam
584 3492 728 3557 liberans
752 3494 902 3558 occurrit.
950 3495 996 3559 Ut
1025 3494 1273 3559 Schoemannus
1296 3495 1331 3559 in
1353 3496 1401 3559 in-

226 3603 457 3686 terpretatione
487 3599 552 3665 loci
582 3601 753 3666 cuiusdam
780 3599 948 3665 Iuvenalis
976 3602 1134 3667 Perseum
1166 3603 1296 3686 Pegaso
1324 3624 1401 3667 vec-

226 3718 294 3772 tum
322 3708 364 3771 ad
388 3707 633 3773 Andromedam
668 3707 872 3773 liberandam
895 3708 1022 3796 Ioppen
1054 3712 1247 3796 pervenisse
1277 3710 1400 3792 dieta)

227 3814 433 3901 Quamquam
459 3837 499 3878 ne
524 3838 588 3880 uno
606 3815 738 3902 quidem
756 3838 773 3877 e
790 3814 872 3881 locis
889 3816 931 3881 ab
949 3840 988 3882 eo
1013 3819 1211 3882 enumeratis
1228 3817 1398 3903 reperitur.

229 3921 492 3986 Schoemannum
529 3932 636 3986 autem
672 3920 726 3986 vel
749 3921 876 3988 Ludov.
906 3923 1141 3989 Friedlaender
1174 3934 1307 3989 secutus
1340 3937 1398 3991 est.

316 4100 336 4168 1)
356 4097 531 4167 Mythologie
551 4098 601 4152 der
619 4097 728 4152 Griecb.
747 4098 806 4152 und
824 4099 936 4153 Roem.'²
955 4099 1046 4168 (1825)
1065 4119 1091 4169 p.
1112 4100 1165 4153 260
1183 4119 1224 4169 aq.

316 4188 338 4255 2)
358 4187 411 4241 Die
441 4187 684 4257 Verwandlungen
715 4187 765 4243 dos
790 4187 883 4242 Ovidii
906 4188 935 4241 in
954 4188 1007 4242 226
1025 4189 1173 4260 Kupffern.
1192 4189 1221 4243 in
1239 4191 1400 4260 Verlegung

225 4277 338 4331 dohann
356 4277 454 4331 Ulrich
471 4278 584 4347 Kranae,
604 4277 852 4347 Kupfferstechern
870 4279 900 4332 in
918 4279 1069 4348 Augspurg
1089 4280 1120 4348 (†
1143 4279 1221 4346 1719)
1241 4300 1268 4335 n.
1288 4280 1329 4333 60.

317 4367 337 4437 ³)
359 4366 398 4420 Of.
420 4365 451 4421 Ο.
471 4367 650 4434 Eissnmann,
671 4366 760 4422 Gatal.
779 4387 821 4422 nr.
841 4367 903 4431 505,
922 4387 948 4437 p.
968 4367 1030 4423 319.

315 4458 337 4522 ⁴)
356 4456 406 4510 Ed.
426 4456 456 4511 in
476 4457 586 4521 „Ueber
604 4457 683 4512 Land
703 4459 761 4512 und
781 4457 878 4512 Meer“
899 4458 946 4511 XL
967 4457 1059 4525 (1898)
1078 4479 1104 4530 p.
1125 4457 1185 4513 798.

317 4546 337 4617 ⁵)
357 4546 459 4617 Opusc.
478 4545 518 4601 ΙΠ
536 4565 563 4618 p.
577 4547 638 4600 272.

737 4699 739 4705 r
790 4700 918 4710 *μη-
