3334 5042
762 338 796 391 53

208 513 439 589 Polydectes
467 516 497 572 in
525 532 631 573 saxum
661 524 795 575 mutatur
832 511 874 594 (N
896 511 945 593 l1);
978 517 1069 575 etiam
1099 518 1350 594 Gorgoneum

207 615 298 674 fontis
320 616 478 691 superficie
500 625 533 673 ut
555 617 681 693 speculo
702 618 847 674 reflexum
872 618 981 675 imitari
1002 627 1152 676 conantur
1178 615 1224 695 (Μ
1246 612 1349 695 1-“-4).

56 735 75 753 ³
126 786 132 793 .
208 715 278 775 Hoc
309 727 447 792 tempore
477 718 584 776 iterum
612 720 643 775 in
664 719 869 801 monumentis
891 721 1000 778 nostris
1022 721 1186 795 reperimus
1206 720 1348 778 Andro·

205 819 363 893 medam3
386 829 532 894 quantum
552 827 655 877 autem
677 819 770 877 distat
793 820 869 877 vasis
885 821 968 878 attici
982 822 1098 896 pictura
1113 839 1132 877 a
1148 821 1255 878 veteris
1270 820 1350 895 figuli

207 917 390 979 Corinthiaci
412 938 506 996 opere
529 919 574 994 (Q
619 917 644 994 )!

302 1020 367 1078 Vas
388 1022 462 1078 illud
484 1023 567 1098 quod
584 1021 656 1079 mihi
671 1023 702 1079 in
717 1022 818 1079 animo
834 1031 891 1090 est,
915 1040 1031 1080 summa
1046 1022 1216 1081 intentione
1231 1023 1351 1082 videtur

204 1122 330 1197 dignum
345 1140 419 1182 esse.
464 1122 581 1198 Hydria
598 1131 646 1181 est
660 1141 772 1199 magna
787 1124 924 1181 eiusdem
943 1125 1063 1200 generis
1085 1133 1178 1199 atque
1200 1142 1238 1182 ea
1259 1143 1350 1199 quam

209 1224 372 1282 ediderunt
387 1223 507 1282 Genick
529 1232 560 1281 et
578 1224 602 1281 F
605 1225 813 1300 urtwaengler‚
837 1227 980 1284 Keramilt
1001 1225 1062 1284 tab.
1086 1225 1175 1282 XXX
1187 1221 1210 1294 1;
1232 1226 1350 1300 pictura

205 1332 309 1384 autem
332 1343 400 1384 cum
422 1326 457 1383 iis
479 1343 618 1383 vasorum
640 1325 821 1400 imaginibus
844 1326 951 1402 quibus
965 1325 1126 1401 Polygnoti
1148 1334 1245 1384 artem
1261 1326 1349 1384 nobis

205 1427 427 1503 repraesentari
455 1427 606 1485 credimus
638 1428 770 1485 maxime
807 1428 945 1503 congruit
957 1424 979 1487 2.
1022 1426 1088 1485 Nec
1119 1428 1217 1485 minus
1254 1428 1349 1503 digna

205 1537 254 1587 est
288 1546 368 1605 quae
401 1529 572 1588 accuratius
603 1536 747 1586 tractetur
780 1547 827 1586 res
861 1529 953 1603 picta.
997 1529 1146 1587 Videmus
1172 1530 1323 1588 Andro
1336 1559 1349 1571 ·

200 1648 263 1687 me
280 1631 371 1688 dam
395 1630 577 1706 alligandam
599 1631 640 1687 ad
662 1630 749 1705 palos
771 1648 848 1706 quos
864 1631 1068 1707 Aethiopes
1091 1641 1189 1690 terrae
1212 1631 1349 1705 infigunt,

196 1731 428 1809 etPerseum
444 1750 512 1790 cum
528 1732 681 1807 Cepheo
707 1733 903 1792 collocutum.
949 1733 1038 1791 Unde
1054 1749 1125 1790 nam
1148 1732 1214 1789 talis
1238 1749 1349 1790 scaena

198 1835 278 1892 sumi
301 1842 422 1915 poterat
444 1835 501 1892 nisi
520 1854 538 1892 e
561 1830 743 1908 tragoedia?
766 1843 827 1892 tres
850 1845 982 1893 actores:
1006 1853 1058 1893 rex
1080 1834 1206 1891 Perseus
1228 1834 1349 1891 Andro·

199 1936 305 2003 meda,
327 1934 510 2011 Aethiopum
534 1935 643 1993 chorus
666 1937 770 2012 aequis
782 1937 918 2011 partibus
940 1939 981 1994 ad
1002 1947 1164 2013 utrumque
1187 1937 1265 1992 latus
1288 1934 1348 1991 dis·

203 2038 346 2110 tributus
369 2037 547 2094 vestimenta
560 2036 650 2112 picta,
666 2038 769 2094 omnia
780 2038 938 2114 impellunt
952 2048 1065 2113 nos,tut
1077 2038 1118 2094 de
1131 2038 1252 2095 theatro
1267 2034 1349 2111 cogi-

201 2149 312 2199 temus,
337 2138 398 2197 Sed
413 2140 514 2196 solent
531 2156 644 2214 negare
662 2139 714 2197 viri
730 2141 814 2198 docti
826 2141 933 2214 quinto
947 2140 1007 2198 iam
1018 2140 1142 2197 saeculo
1155 2138 1261 2216 figulos
1273 2139 1346 2195 deli·

196 2241 338 2302 neavisse
349 2239 573 2314 tragoediamm
581 2259 723 2315 scaenas;
736 2250 833 2299 artem
843 2241 959 2299 illorum
968 2241 1140 2300 inferiorem
1149 2240 1248 2315 fuisse,
1256 2258 1347 2315 quam

198 2353 235 2403 ut
252 2343 329 2401 tales
345 2359 473 2400 scaenas
488 2360 505 2399 e
520 2342 665 2400 memoria
680 2342 827 2419 refingere
843 2353 977 2418 possent.
1001 2342 1081 2401 Puto
1090 2351 1193 2400 tamen
1209 2343 1288 2399 viam
1303 2342 1346 2399 in·

197 2445 412 2518 veniriposse,
435 2461 495 2517 qua
509 2443 601 2501 nihilo
617 2444 713 2502 minus
728 2445 904 2522 tragoediae
920 2463 1029 2504 scaena
1046 2446 1076 2501 in
1091 2464 1163 2502 vase
1178 2444 1348 2518 antiquiore

195 2549 284 2624 picta
300 2545 477 2622 explicetur.
500 2544 609 2605 Reisch
625 2546 656 2603 in
671 2547 745 2604 libro
760 2547 811 2622 qui
827 2547 997 2604 inscribitur
1012 2547 1198 2606 Griechisehe
1214 2546 1345 2621 Weilrye·

193 2642 322 2710 saliente
335 2665 364 2722 p.
380 2649 438 2708 116
455 2667 493 2706 ss.
510 2648 659 2724 choregos
674 2648 803 2706 victores
818 2657 934 2706 statuas
950 2647 998 2704 vel
1013 2647 1132 2705 tabulas
1155 2647 1270 2704 vovisse
1292 2647 1347 2703 do·

192 2751 275 2824 cuit3
309 2749 393 2807 idem
414 2768 441 2807 v.
465 2752 496 2809 d.
516 2769 545 2825 p.
568 2751 625 2808 139
648 2751 739 2825 longe
762 2750 889 2824 plurima
911 2749 988 2806 illius
1010 2747 1130 2821 generis
1153 2747 1347 2805 anathemata

192 2853 292 2911 fuisse
309 2852 428 2909 tabulas
443 2852 540 2927 pictas
557 2850 698 2910 coniecit.
722 2851 830 2908 Talem
846 2844 965 2910 πίνακα
977 2849 1099 2922 choregi
1110 2848 1230 2906 victoris
1242 2849 1266 2906 si
1282 2848 1345 2905 imi·

196 2961 300 3011 tatum
315 2968 384 3009 esse
395 2952 570 3027 putabimus
580 2951 706 3024 hydriae
718 2959 840 3009 nostrae
852 2951 1008 3025 pictorem,
1025 2951 1138 3025 optime
1150 2951 1347 3026 explicabitur

192 3055 325 3133 pictura.
369 3052 417 3109 De
440 3054 525 3110 cuius
550 3061 651 3111 autem
672 3060 782 3127 poetae
806 3052 908 3110 fabula
923 3047 1145 3126 cogitabimus?
1189 3051 1219 3109 Si
1233 3052 1346 3110 omitti·

196 3174 269 3214 mus
281 3150 512 3231 Phrynichum³‚
525 3155 601 3212 duas
617 3154 762 3212 habemus
773 3154 988 3211 Andromedas
1000 3152 1129 3223 fabulas,
1144 3152 1345 3228 Sophocleam

191 3268 292 3335 atque
314 3255 522 3331 Euripideam.
566 3256 614 3312 Ab
635 3255 786 3330 Euripidis
816 3254 918 3313 fabula
948 3272 1093 3314 scaenam
1114 3263 1250 3313 nostram
1272 3255 1344 3312 alie·

190 3377 270 3419 nam
300 3373 368 3414 esse
397 3358 544 3415 docemur
571 3357 742 3433 fragmento
777 3359 834 3417 114
860 3388 902 3396 -
925 3356 1049 3414 ineunte
1080 3358 1159 3414 enim
1185 3356 1346 3430 tragoedia

192 3462 259 3520 iam
283 3458 374 3517 affixa
396 3469 443 3516 est
466 3476 540 3516 saxo
563 3458 763 3516 Andromeda
787 3474 844 3526 -;
873 3458 1050 3534 relinquitur
1074 3460 1164 3533 igitur
1186 3476 1264 3515 unus
1288 3458 1343 3515 So-

191 3563 325 3640 phocles
357 3561 441 3619 cuius
469 3561 601 3619 fabulam
624 3562 654 3617 in
677 3559 779 3617 Persia
801 3560 851 3636 agi
874 3580 912 3618 ex
935 3558 1083 3618 vocabulo
1105 3552 1249 3632 σάρητον
1282 3560 1345 3617 sive

192 3657 345 3737 σάλητον
367 3658 415 3738 (fr.
441 3655 514 3741 131)
537 3662 597 3719 iam
619 3658 797 3736 Tuempel4
820 3661 958 3721 coniecit.
1003 3659 1067 3717 Nec
1091 3662 1262 3718 mirandum
1288 3670 1343 3731 est,

300 3842 310 3880 ¹
330 3848 400 3897 Mus.
419 3846 506 3896 Berol.
532 3862 557 3897 n.
577 3844 656 3898 2388.
693 3845 776 3895 Plane
803 3844 904 3894 similes
928 3852 987 3894 sunt
1012 3845 1121 3910 hydriae
1139 3846 1343 3895 Brunsvicenses

103 3972 109 3982 .
192 3937 232 3986 A.
253 3935 282 3985 Z.
301 3933 369 3986 1881
390 3934 444 3985 tab.
464 3933 504 3993 15,
527 3933 559 3986 16
579 3934 674 3986 editae.

298 4018 310 4056 2
328 4023 368 4074 Cf.
386 4023 501 4082 Robert,
521 4023 563 4073 die
581 4022 686 4088 Nekyia
705 4023 752 4071 des
772 4022 916 4089 Polygnot.

299 4106 311 4143 Β
329 4112 370 4160 De
391 4100 535 4176 Phrynichl
558 4127 626 4177 quae
651 4119 865 4162 commemoratur
890 4111 1063 4161 Andromeda
1087 4113 1120 4164 cl.
1139 4113 1245 4162 Robert
1263 4116 1296 4164 A.
1316 4114 1343 4164 Z.

192 4197 271 4252 1878
289 4215 313 4264 p.
334 4198 367 4251 16
387 4199 446 4252 adn.
467 4199 508 4252 10.

297 4283 380 4336 ⁴Die
408 4289 667 4356 Aethiopenlaender
694 4290 738 4338 des
764 4289 1044 4354 Andromedamythus
1067 4290 1106 4341 Fl.
1131 4290 1224 4356 Jahrb.
1248 4289 1340 4356 Suppl.

190 4374 270 4427 XVI
288 4391 313 4440 p.
334 4374 391 4427 132.
