3334 5042
1540 307 1608 361 23

632 488 729 545 30.
776 486 894 544 An.
940 485 1119 543 fictile
1161 483 1310 542 Meli
1354 493 1660 560 repertum
1706 503 1854 545 mus.
1891 486 2031 545 Brit.
2076 488 2175 546 ed.
2210 486 2522 560 Millingen
2562 486 2708 546 Ano.

430 589 610 646 uned.
656 603 814 646 mon.
859 586 914 643 11
959 588 1014 654 3,
1065 567 1648 644 Mueller-Wieseler
1695 585 1771 645 D.
1820 606 1874 646 a.
1922 587 1998 646 K.
2055 590 2147 661 14,
2200 589 2298 648 51.

628 686 884 745 Perseus
946 687 1175 746 iuvenis
1219 688 1421 763 capite
1463 687 1692 746 reflexo
1738 688 1818 746 ad
1867 690 1927 749 d.
1976 705 2137 764 equo
2184 688 2440 765 vehitur,
2489 708 2535 748 s,
2582 690 2712 764 gla-

432 791 598 848 dium
645 790 925 849 acumine
978 771 1246 864 curvat0,
1302 792 1364 849 d.
1407 790 1709 848 Medusae
1766 799 1953 866 caput
2014 800 2277 866 portans,
2367 790 2491 848 Sub
2556 808 2713 868 equo

427 892 695 950 Medusa
738 892 943 949 tunica
986 891 1169 967 longa
1212 891 1431 950 vestita
1469 893 1552 950 ad
1599 909 1762 967 genu
1815 909 1862 951 s,
1895 891 2244 967 procubuit3
2290 910 2362 949 ex
2395 891 2525 949 eius
2558 890 2714 949 collo

437 993 740 1069 Chrysaor
783 995 982 1051 nudus
1026 992 1347 1068 prominet.

581 1144 587 1153 .
632 1095 732 1154 31.
778 1094 1000 1171 Tripus
1045 1112 1275 1152 aeneus
1319 1112 1472 1155 muS.
1518 1095 1718 1154 Berol.
1769 1095 1843 1154 cf.
1894 1096 1959 1152 B.
2008 1113 2062 1155 a.
2109 1095 2176 1155 Β.
2223 1095 2278 1151 II
2327 1097 2461 1155 767.

630 1196 785 1255 Tres
826 1197 1021 1272 pedes
1062 1204 1425 1272 superantur
1482 1196 1732 1272 singulis
1790 1196 2015 1273 figuriS‚
2077 1212 2329 1271 quarum
2384 1195 2576 1272 prima
2622 1204 2717 1253 est

435 1297 659 1376 Gorge,
721 1298 990 1374 reliquae
1034 1294 1198 1356 duae
1264 1298 1369 1355 viri
1414 1305 1730 1355 currentes
1776 1306 1919 1355 sunt
1962 1297 2124 1355 nulla
2168 1314 2232 1354 re
2274 1298 2559 1372 insignes,
2644 1296 2715 1353 In

430 1400 760 1477 exemplari
803 1417 1029 1475 graeco
1089 1399 1149 1455 hi
1214 1399 1318 1457 viri
1383 1401 1550 1458 haud
1609 1400 1793 1458 dubie
1842 1399 2085 1458 fuerunt
2131 1398 2386 1458 Perseus
2450 1407 2512 1456 et
2555 1397 2714 1456 Mer-

432 1504 632 1562 curius
645 1496 710 1580 ¹).
2467 1498 2477 1517 ‘

630 1605 727 1665 32.
775 1603 1033 1680 Strigilis
1079 1604 1268 1663 attica
1310 1603 1499 1661 musei
1544 1603 1975 1677 Berolinensis‚
2023 1603 2088 1661 B.
2138 1622 2191 1662 a.
2235 1603 2303 1662 B.
2353 1601 2414 1659 ΙΙ
2457 1603 2595 1675 202,
2627 1602 2708 1659 ed

428 1705 833 1782 Heydemann
877 1704 1344 1766 MarmorbildW.
1399 1722 1472 1761 zu
1516 1704 1720 1762 Athen
1765 1723 1824 1779 p.
1876 1708 2014 1765 107.

634 1806 851 1882 Strigili
899 1808 1121 1864 eadem
1165 1805 1361 1864 forma
1408 1806 1498 1863 bis
1533 1806 1898 1881 impressum
1929 1814 2023 1864 est
2054 1805 2291 1882 signum
2329 1806 2530 1864 ovale:
2578 1803 2718 1863 Per-

348 1985 355 1994 Ι
435 1926 574 1968 sens
620 1911 823 1966 nudus
864 1927 1035 1966 crure
1081 1925 1128 1968 S.
1175 1908 1416 1966 sublato
1460 1908 1540 1964 ad
1587 1908 1651 1968 d.
1698 1907 1941 1966 saliens.
2029 1907 2099 1968 In
2153 1907 2423 1982 margine
2482 1908 2718 1966 litterae

434 2007 554 2086 Γορ
599 2018 862 2070 exstant.

631 2114 727 2175 33.
776 2111 1119 2189 Anaglyphi
1162 2111 1482 2169 marmorei
1504 2128 1643 2187 pars
1686 2111 1945 2187 sinistra,
1978 2112 2074 2168 ed.
2103 2108 2272 2170 Mon.
2306 2110 2705 2169 Matthaeian.

429 2215 634 2292 11128,
660 2220 715 2283 1,
763 2215 961 2273 Braun
985 2213 1103 2272 XII
1145 2213 1487 2284 Basrelief3‚
1534 2215 1616 2272 ad
1660 2214 1785 2273 tab.
1831 2213 1905 2292 X,
1951 2212 2483 2272 Raoul·Rochette
2529 2211 2703 2271 choix

425 2332 485 2390 p.
533 2316 671 2377 301.

627 2416 886 2477 Perseus
931 2435 1068 2476 cum
1112 2419 1415 2478 Medusae
1459 2419 1661 2493 capite
1714 2426 1777 2475 et
1817 2418 2021 2493 gladio
2067 2419 2147 2475 ad
2191 2418 2250 2477 d.
2297 2415 2479 2474 currit
2520 2423 2706 2490 caput

434 2518 754 2578 reflectens
799 2522 884 2578 ad
927 2520 1285 2591 Minervam,
1332 2537 1492 2596 quae
1553 2519 1826 2596 sequitur
1869 2519 2127 2595 clipeum
2171 2536 2319 2596 prae
2374 2535 2442 2576 se
2485 2525 2704 2575 tenens

435 2617 668 2680 Dextra
713 2621 1035 2698 anaglyphi
1079 2639 1218 2699 pars
1262 2621 1415 2680 infra
1462 2616 1546 2696 (R
1596 2614 1700 2698 11)
1752 2621 2146 2680 describetur.

1422 2823 1711 2883 Gemmae.

632 2977 730 3034 34.
782 2974 1161 3033 Scarabaeus
1205 2984 1481 3032 etruscus
1526 2991 1681 3032 mus,
1728 2974 1927 3032 Berol.
1974 2974 2033 3031 II
2078 2976 2175 3035 47.

631 3074 886 3133 Perseus
927 3076 1128 3137 nudus
1175 3069 1460 3153 (Pherse)
1507 3074 1616 3132 alis
1663 3074 1986 3149 pedalibus
2030 3076 2358 3133 instructus
2405 3092 2544 3132 cum
2587 3072 2716 3130 Me-

447 3175 638 3234 dusae
684 3177 881 3251 capite
928 3176 1177 3250 pulchro
1225 3178 1306 3234 ad
1352 3177 1412 3235 d.
1459 3177 1656 3236 currit.

627 3274 814 3333 Haud
861 3277 1046 3335 dubie
1090 3277 1187 3334 hic
1231 3286 1326 3335 est
1369 3279 1758 3355 scarabaeus,
1806 3295 1989 3354 quem
2034 3276 2221 3335 Lanzi
2268 3275 2439 3351 saggi
2481 3275 2537 3333 11
2575 3279 2634 3349 4,
2677 3278 2714 3335 5

435 3386 499 3432 et
547 3375 734 3435 Millin
781 3376 853 3436 G.
902 3376 985 3438 M.
1037 3379 1174 3445 105,
1224 3379 1342 3437 386
1388 3379 1736 3437 ediderunt.
1824 3379 2013 3450 Quod
2049 3379 2214 3453 apud
2257 3377 2391 3434 illos
2436 3377 2569 3435 alae
2614 3395 2717 3453 pe·

433 3477 606 3536 dales
650 3480 896 3548 desunt,
940 3481 1190 3555 pictoris
1238 3481 1677 3555 neglegentiae
1722 3481 2108 3538 tribuendum
2153 3479 2280 3536 erit.

630 3581 727 3639 35.
785 3582 1104 3656 Sardonyx
1166 3601 1321 3641 mus,
1385 3582 1858 3657 Petropolitani,
1902 3580 2021 3642 'ed.
2090 3580 2382 3656 Stephani
2448 3581 2716 3657 Apollon
2784 3589 2787 3594 ’

434 3681 836 3740 Boedromios
883 3684 1006 3743 tab.
1054 3682 1142 3740 IV
1191 3687 1246 3754 7,
1294 3686 1350 3744 8.
2037 3672 2040 3679 ’

632 3784 885 3842 Perseus
929 3785 1188 3860 pedibus
1240 3786 1415 3844 alatis
1445 3804 1555 3860 per
1584 3804 1730 3842 aera
1763 3787 1924 3843 volat
1955 3788 2012 3847 d.
2045 3787 2293 3862 harpen,
2343 3802 2387 3844 s,
2416 3784 2719 3842 Medusae

435 3894 616 3963 caput
660 3886 887 3944 alatum
935 3887 1332 3961 protendens
1419 3887 1490 3944 In
1545 3887 1740 3944 altera
1798 3896 1970 3962 parte
2029 3887 2276 3962 legitur:
2330 3882 2548 3963 φύ(γε)
2604 3906 2708 3942 πη-

434 3978 654 4060 δάγρα,
703 3982 1003 4062 Περσεύς
1049 3998 1126 4049 σε
1173 3984 1372 4063 διώχι.

631 4200 652 4238 ¹
687 4204 921 4255 Similem
986 4206 1203 4270 figuram
1258 4206 1491 4256 hominis
1551 4207 1679 4255 nudi
1729 4206 1942 4271 eiusque
2008 4205 2236 4270 crepidis
2293 4203 2443 4262 alatis
2492 4206 2712 4266 prmius

434 4294 499 4342 ad
537 4293 765 4344 dextram
821 4295 1077 4346 currentis
1138 4295 1260 4348 edd.
1299 4294 1480 4344 Micali
1532 4310 1674 4346 mon.
1733 4294 1871 4345 ined.
1920 4293 2005 4354 19,
2045 4293 2080 4345 4
2127 4301 2178 4342 et
2238 4292 2479 4342 Schoene
2531 4306 2708 4338 mune-r]

432 4380 599 4431 Bochi
638 4383 692 4431 di
729 4383 898 4432 Adria
937 4383 1019 4443 18,
1063 4383 1109 4435 1.
