3334 5042
649 444 987 524 ng...

58 646 63 653 ¹
180 654 275 739 Argis
309 657 469 740 quondam
502 650 627 720 stetisse
661 655 813 740 suspicati
842 674 962 719 sumus.
984 651 1114 717 *Sed
1138 671 1210 718 enm
1232 651 1266 716 in
1289 650 1339 716 hie

179 749 391 827 monumentis
426 761 556 847 Argivis
589 763 756 827 Diomedes
795 782 880 826 unus
914 761 1104 826 exhibeatur
1119 812 1122 815 .
1137 767 1170 824 et
1204 758 1339 824 aetionis

178 874 375 933 momentum
408 886 472 933 non
504 869 673 934 definitum
707 869 757 947 sit,
793 867 929 946 insiliis,
955 889 1038 950 quae
1062 867 1189 951 quidem
1213 864 1340 930 Vlixem

178 975 317 1058 Tydidae
334 976 482 1041 comitem
498 977 584 1053 daut,
608 977 671 1040 duo
687 976 861 1044 certissima
875 978 1034 1041 momenta
1050 971 1256 1059 effinguntur.
1302 971 1340 1036 In

178 1082 299 1147 cauculo
321 1083 405 1146 enim
427 1105 452 1147 s.
478 1081 526 1146 III
548 1084 710 1166 impressis
732 1082 845 1167 figuris
867 1085 983 1146 ornato
1007 1077 1065 1164 (9),
1104 1082 1137 1145 in
1172 1078 1340 1166 onupbspto

181 1190 320 1254 Romano
345 1190 423 1268 (20),
459 1190 492 1253 in
516 1190 654 1255 vlucerna
662 1188 755 1278 fictili
776 1185 859 1273 (21),
893 1189 927 1252 in
954 1189 1087 1274 gemmis,
1112 1187 1282 1252 Diomedes
1305 1191 1341 1249 ut
1378 1188 1381 1271 s

180 1311 304 1381 semper
326 1297 496 1381 praecedit,
531 1296 711 1361 'Palladium
736 1300 825 1360 tenet
856 1298 957 1378 atque
991 1295 1142 1358 comitem·
1161 1293 1268 1363 subito
1290 1312 1340 1357 re·

180 1404 287 1487 spicit3
324 1402 435 1469 Vlixes
462 1403 607 1489 gladium
641 1400 754 1467 tollere
787 1402 921 1466 videtur.
968 1400 1032 1466 Vix
1067 1401 1209 1466 dubitari
1235 1404 1341 1470 autem
1380 1436 1382 1439 ·

180 1516 286 1593 potest
308 1511 386 1592 quin
408 1508 591 1573 illud·surti
614 1514 811 1574 momentum
837 1508 911 1573 haec
938 1510 1016 1573 artis
1038 1528 1136 1591 opera
1171 1504 1342 1571 exhibeant

181 1639 244 1702 quo
268 1652 310 1661 —
335 1622 371 1680 ut
393 1615 503 1681 Conon
529 1636 587 1679 nos
611 1617 702 1681 docet
725 1651 767 1662 —
791 1615 900 1681 Vlixes
923 1615 1030 1698 gladio
1064 1613 1159 1678 modo
1194 1612 1342 1677 destricto

182 1722 365 1789 Diomedem
400 1744 606 1808 aggressurus
639 1722 680 1787 ab
716 1738 757 1788 eu
788 1722 1063 1789 animadvertitur
1108 1720 1147 1786 In
1172 1742 1242 1793 uase
1260 1720 1343 1806 picto

182 1831 316 1914 denique
338 1832 455 1894 muricis
468 1831 585 1918 figuras
607 1840 713 1893 umato
735 1827 864 1913 (libet
886 1830 919 1892 in
943 1828 1128 1914 sarcophago
1150 1826 1244 1913 Lycto
1260 1823 1341 1909 (22),

133 1999 136 2006 .
182 1936 298 2020 quibus
332 1937 414 2001 duae
448 1958 593 2020 gemmae
627 1937 789 2001 addendae
824 1941 899 2000 sunt
927 1938 970 2019 (v
994 1959 1025 2019 p
1050 1934 1118 2019 39),
1146 1939 1344 1999 momentum

185 2040 295 2129 effingi
319 2064 383 2127 quo
400 2042 579 2128 Palladium
602 2047 708 2108 movet
708 2064 747 2106 ur
771 2038 955 2128 (κινηθέντος
974 2039 1009 2104 δὲ
1033 2062 1084 2103 του
1068 2037 1194 2105 uua
1220 2062 1245 2102 κ.
1263 2060 1287 2105 τ.
1303 2038 1343 2124 l)

183 2151 433 2214 luculentissime
456 2171 556 2234 nuper
572 2149 725 2216 ostendit*
737 2148 895 2213 Robertus
911 2149 999 2232 cujus
1023 2147 1118 2213 verba
1142 2149 1212 2232 lege
1223 2145 1344 2212 vSarko-

182 2257 379 2342 phegreliefs
401 2257 433 2322 Il
456 2280 487 2342 p.
514 2255 587 2323 150.
704 2292 706 2297 .
1313 2311 1316 2315 ,

269 2365 386 2449 Itaque
410 2363 637 2449 mythographi
666 2363 850 2428 narratione
885 2363 975 2427 haud
1009 2383 1113 2446 pauca
1141 2383 1237 2447 opera
1269 2362 1346 2426 artis

185 2472 370 2554 antiquioris
405 2469 498 2555 (eaeo.
522 2468 569 2535 IV
594 2471 642 2535 vel
666 2467 730 2554 III)
764 2469 989 2548 dilucidantur,
1029 2474 1126 2553 atque
1161 2489 1199 2532 ex
1223 2490 1259 2535 eo
1280 2470 1346 2553 jam

185 2574 321 2643 efficitur
340 2584 392 2642 >ut
426 2578 581 2642 nonnulla
614 2582 698 2647 certe
733 2575 828 2660 hujus
868 2577 1066 2641 narrationis
1106 2580 1272 2641 momenta
1307 2597 1346 2640 ex

184 2680 419 2769 antiquioribus
444 2685 635 2750 carminibus
659 2683 817 2749 fluxerint.

272 2791 332 2858 Sed
366 2814 461 2877 porro
494 2794 526 2856 in
561 2791 788 2856 vetustioribus
823 2789 961 2855 Cononis
984 2790 1179 2854 narrationis
1203 2787 1348 2873 partibus

167 2898 418 2983 ¹distinguendis
442 2899 535 2964 nobis
558 2896 792 2982 procedendum
816 2904 874 2963 est.

275 3006 321 3069 Ac
344 3005 482 3089 primum
506 3006 600 3070 ambo
631 3008 793 3069 momenta
828 3005 866 3068 de
898 3003 1014 3088 quibus
1044 3004 1201 3068 diximus:
1219 3022 1252 3068 re
1275 3021 1350 3076 vera

170 3113 346 3178 ueteribus
382 3112 575 3177 carminibus
614 3112 738 3177 tradita
771 3109 868 3175 fuisse
909 3111 1008 3175 etiam
1047 3110 1116 3173 aliis
1154 3109 1351 3194 argumentis

187 3219 385 3302 comprobari
408 3224 588 3302 potest.-
616 3217 662 3283 Vt
684 3217 768 3282 enim
802 3219 840 3283 de
874 3217 973 3282 altero
1001 3218 1088 3302 prius
1111 3216 1225 3291 dicam,
1246 3212 1350 3278 Palla·
1365 3223 1370 3231 '

187 3325 275 3390 dium
297 3326 416 3404 oculos,
441 3325 513 3390 hest
498 3329 574 3403 tam,
600 3325 751 3408 clipeum
760 3345 929 3429 movense
932 3324 1055 3415 tapud
1071 3321 1241 3447 Vespib'ura
1257 3321 1351 3417 nubis

186 3434 323 3498 occurrit
346 3431 442 3520 (Aen.
467 3431 498 3496 ΙΙ
524 3428 681 3519 172-5):
799 3434 809 3456 ⁸

277 3539 359 3604 »Vix
361 3539 522 3623 positum
545 3545 613 3603 east
614 3538 656 3601 ris
679 3538 893 3616 simulacrum,
918 3560 1019 3602 arsere
1042 3557 1191 3602 coruscae
1237 3519 1239 3523 ¹
1270 3625 1272 3628 y
1305 3608 1323 3617 g

273 3646 463 3710 Luminibus
486 3645 635 3710 flammae
658 3645 798 3722 arrectis,
834 3644 998 3730 salsusque
1020 3667 1078 3729 per
1100 3649 1188 3710 artus
1237 3630 1241 3638 λ

275 3751 379 3818 Sudor
402 3752 449 3829 iit,
475 3758 586 3835 terque
608 3751 675 3835 ipsa
697 3751 766 3816 solo
790 3748 949 3836 (mirabile
973 3749 1075 3836 dictu)

274 3859 425 3938 Emicuit,
442 3872 650 3943 parmamque
665 3858 770 3923 ferens
786 3859 980 3942 hastamque
996 3862 1219 3923 trementem<
1248 3894 1251 3903 ·

274 3965 361 4043 Quae
382 3971 509 4051 poetam
523 3966 701 4031 Romanum
725 3976 765 4029 ex
789 3965 924 4048 antiquo
947 3971 1042 4050 poeta
1064 3965 1234 4047 sumpsisse
1257 3947 1353 4047 atque

69 4157 72 4163 ι
187 4073 295 4156 paucis
312 4093 437 4137 commu
437 4074 515 4138 tatis
530 4073 572 4137 ad
583 4094 650 4137 rem
661 4094 750 4136 suam
764 4067 948 4137 adhibuisse
960 4072 1114 4165 suspicari
1106 4070 1213 4134 licet.
1238 4069 1353 4143 Confer

188 4179 326 4245 &mam
349 4175 397 4265 (ΙΙ
423 4180 515 4264 166);
557 4178 694 4243 »Verum
728 4183 837 4244 tamen
866 4175 922 4266 (so.
947 4175 1139 4258 Palladium)
1168 4156 1353 4305 agnoscitur

188 4285 297 4350 hastae
320 4285 545 4370 oculorumque
568 4286 728 4350 mobilitat
714 4290 774 4350 te.‹
