3334 5042
842 252 887 320 38

759 345 973 354 -—-—-—a

276 464 332 522 τοῦ
348 457 455 534 'rodda
476 451 595 538 'Atque
609 450 756 516 'omnino‘
769 460 986 517 commentum
1013 452 1076 538 quo
1093 452 1218 518 Tarsus
1247 460 1328 518 cum'
1338 453 1453 518 Persei

277 559 367 625 calce
392 561 609 644 coniungitur,
647 559 823 645 persimilis
846 558 1112 647 Bellerophontis
1148 561 1289 626 fabellae
1318 563 1452 626 imitatio

277 677 337 732 est.
385 667 482 748 Quod
502 690 580 730 eum
605 669 648 730 ita
674 669 725 750 sit,
750 669 916 753 putaverit
944 670 1106 754 quispiam
1130 670 1294 754 Pegasum
1318 672 1351 733 in
1375 670 1454 733 Per·

278 779 370 839 seu'm
405 772 597 838 translatum
634 796 709 838 esse
745 775 843 860 atque
877 777 950 839 oum
986 778 1027 839 iis
1065 776 1257 854 consentiat,
1295 779 1350 863 qui
1369 776 1451 846 ἴδιον

277 887 362 951 ἵππον
386 903 461 946 eum
484 881 687 966 intellegunt.
733 882 803 946 Nec
822 905 899 946 vero
924 882 1039 947 horum
1065 886 1173 969 opinio
1199 883 1368 970 probanda
1384 881 1450 947 est.

277 990 396 1073 Pegasi
435 990 521 1052 enim
556 1011 663 1074 neque
687 991 720 1052 in
744 991 785 1053 iis
822 1012 906 1075 quae
936 989 976 1053 de
1001 992 1115 1069 Tarso,
1151 1012 1259 1076 neque
1295 1012 1379 1075 quac
1411 991 1451 1055 de

278 1097 443 1181 Gorgonis
469 1096 570 1160 caede
595 1096 692 1182 paulo
717 1106 792 1160 ante
816 1097 1038 1183 proferuntur,
1063 1097 1129 1162 ulla
1154 1099 1274 1162 mentio
1298 1098 1342 1161 fit.
1383 1099 1452 1161 Nec

277 1226 355 1267 vero
380 1225 423 1266 ex
445 1206 518 1289 ipsa
541 1208 627 1272 ἵππου
656 1227 739 1268 voce
763 1205 927 1289 Pegasum
956 1204 1147 1289 intellegere
1171 1206 1241 1268 iure
1265 1227 1452 1292 possumus.

277 1311 381 1375 Immo
416 1310 499 1374 haec
534 1332 599 1374 vox
634 1312 838 1389 adversatur,
876 1335 950 1375 cum
986 1314 1134 1397 Pegasus
1169 1335 1234 1377 non
1270 1314 1452 1378 communis

278 1441 382 1505 equus
407 1420 459 1499 sit,
495 1427 593 1504 atque
629 1441 667 1482 eo
692 1420 808 1504 magis,
846 1419 933 1506 quod
957 1421 990 1483 in
1025 1419 1088 1483 hac
1124 1418 1247 1484 fabella
1280 1419 1323 1483 ad
1346 1419 1451 1485 Belle·

278 1526 447 1612 rophontis
487 1524 671 1611 exemplum
709 1526 786 1589 ficta
821 1527 970 1611 Pegasus
1005 1528 1078 1613 ipse
1117 1529 1302 1613 exspectari
1336 1536 1452 1615 potest.

279 1634 388 1699 Causa
413 1655 500 1711 vero,
527 1656 586 1697 cur
609 1633 752 1697 Perseus
778 1657 795 1697 e
820 1643 1005 1698 commento
1037 1633 1091 1698 illo
1124 1657 1208 1721 equo
1233 1633 1349 1699 vectus
1377 1657 1451 1698 esse

278 1741 413 1818 dicatur,
438 1740 612 1804 manifesta
636 1750 694 1805 est.
728 1741 851 1806 Perseo
876 1744 963 1805 enim
981 1741 1025 1805 ibi
1043 1742 1121 1806 urbs
1145 1742 1376 1808 constituenda
1392 1751 1451 1824 est,

280 1848 335 1912 ubi
358 1850 500 1935 primum
524 1848 615 1913 calce
639 1859 759 1913 terram
783 1848 934 1933 tetigerit.
980 1849 1070 1935 Ergo
1097 1873 1165 1915 non
1189 1850 1329 1936 pedibus
1354 1849 1451 1914 adve-

278 1957 348 2019 nire
372 1955 479 2019 dehet.
512 1956 585 2019 Hoc
609 1957 696 2019 enim
720 1957 748 2019 si
765 1955 870 2037 fieret,
895 1965 969 2020 ante
994 1956 1104 2021 locum
1129 1956 1260 2022 oraculo
1285 1957 1453 2022 definitum

279 2063 398 2127 multos
421 2065 487 2127 iam
511 2062 592 2127 alios
617 2061 763 2127 calcibus
787 2065 958 2148 tetigisset.

327 2196 329 2201 ⁸
368 2202 439 2270 Iam
463 2170 550 2269 alius
581 2205 675 2269 locus
707 2228 771 2291 quo
797 2209 871 2292 quis
894 2208 1053 2271 Perseum
1078 2208 1206 2292 Pegaso
1236 2219 1364 2271 vectum
1389 2208 1453 2291 sig-

279 2304 407 2378 nificari
433 2315 606 2399 putaverit,
639 2314 803 2398 quoddam
838 2314 1054 2379 Iuvenalis
1084 2314 1232 2380 scholion
1261 2324 1321 2379 est.
1381 2317 1453 2393 Quo

280 2445 299 2486 a
322 2431 419 2507 poeta
447 2420 605 2504 Egnatius
631 2420 749 2485 dicitur
773 2421 837 2507 (Ill
864 2421 1013 2507 murat:

761 2549 837 2628 ripa
859 2550 1001 2613 aruritae
1023 2551 1059 2612 a'a
1081 2549 1148 2630 illa,

370 2654 530 2751 pdqaaaa
556 2653 716 2736 Gorpoaer'
739 2655 867 2739 delapsa
892 2661 937 2719 est
955 2657 1060 2736 piaaa
1083 2655 1207 2721 caballi.

284 2778 375 2860 Quos
407 2801 522 2843 versus
551 2778 695 2844 fabulam
726 2779 814 2844 illam
840 2786 1003 2867 spectare,
1041 2803 1106 2866 qua
1133 2781 1230 2845 Tarsi
1263 2802 1384 2844 nomen
1414 2779 1456 2843 ad

281 2885 568 2973 Bellerophontem
606 2885 746 2952 relatum
794 2899 853 2970 est,
900 2911 988 2952 nunc
1028 2890 1111 2953 inter
1158 2911 1271 2952 omnes
1319 2895 1454 2953 constat.

283 2993 466 3059 Scholiasta
491 3005 600 3058 autem
624 3018 740 3081 parum
755 2994 907 3059 'dilucide
932 2996 974 3058 ad
998 2994 1085 3059 hunc
1109 2994 1218 3059 locurn
1243 2994 1335 3058 dicit:
1371 2994 1456 3076 apad

285 3103 408 3167 Tarson
428 3109 557 3185 propter
581 3102 730 3166 Peraeam
753 3109 782 3166 et
807 3102 977 3184 Pepasara
1003 3105 1085 3184 qaod
1110 3104 1148 3166 de
1170 3101 1454 3189 sanquine-Mena-

281 3230 334 3274 sae
356 3216 452 3274 aatas
478 3215 522 3274 sit
550 3210 698 3291 Pepaaaa
748 3209 876 3288 Quibus
912 3209 1023 3273 verbis
1056 3210 1214 3273 Perseum
1251 3209 1347 3273 'larsi
1382 3232 1455 3272 cum

282 3318 411 3400 Pegaso
448 3338 610 3380 conexum
646 3318 824 3401 significari
854 3317 995 3380 fortasse
1025 3318 1187 3403 quispiam
1212 3317 1336 3380 dixerit.
1384 3316 1457 3378 Hoc

282 3434 392 3486 tamen
416 3425 442 3486 si
467 3425 512 3486 ita
536 3434 634 3495 esset,
664 3446 730 3487 non
759 3421 822 3487 alia
850 3423 958 3508 potius
988 3423 1110 3488 fabella
1132 3424 1343 3511 proferretur,
1372 3445 1455 3508 qnae

282 3540 318 3594 ut
341 3530 435 3593 Tarsi
459 3553 577 3593 nomen
603 3529 754 3616 explicat,
779 3533 824 3594 ita
848 3532 888 3595 ad
913 3531 986 3597 illos
1011 3555 1127 3596 versus
1151 3533 1283 3594 minime
1307 3529 1454 3613 quadrat.

283 3639 356 3702 Hoc
391 3639 476 3702 enim
511 3637 554 3701 ad
588 3636 819 3724 explicandum
856 3639 1021 3703 Iuvenalis
1057 3637 1165 3703 locum
1200 3638 1331 3703 dicitur:
1368 3640 1457 3703 ratas

283 3745 366 3830 (soil.
391 3745 499 3827 Tarsi)
527 3746 616 3809 arbas
644 3752 688 3810 est
711 3747 854 3811 conditor
879 3747 1021 3823 Peraeae,
1058 3749 1113 3828 qai
1140 3768 1254 3810 aoaaea
1277 3746 1398 3810 civitati
1420 3764 1457 3808 ea

283 3854 368 3936 facto
391 3852 484 3931 dedit,
509 3852 585 3933 qaia
607 3854 653 3917 aa·
674 3876 741 3918 aaa
764 3875 802 3918 ea
817 3856 975 3920 talaribus
992 3857 1108 3934 peaais
1128 3856 1156 3918 ea'
1180 3854 1302 3918 excidit.
1314 3852 1337 3936 ¹)
1385 3852 1456 3921 Hoc

284 3970 393 4023 autem
416 3959 514 4023 modo
535 3959 637 4023 verba
660 3959 716 4023 illa
738 3960 958 4044 intellegenda
982 3961 1061 4023 mihi
1084 3960 1244 4029 videntur.
1293 3960 1338 4023 Ut
1360 3959 1456 4022 Inve-

284 4066 368 4130 ualis
403 4067 505 4130 verba
536 4069 640 4154 ipsius
669 4068 711 4132 ad
734 4069 850 4132 Persei
872 4066 1017 4131 fabulam
1045 4068 1255 4147 referrentur,
1285 4090 1350 4130 vox
1376 4066 1456 4131 Goa-

282 4178 374 4258 poaea'
397 4177 467 4238 sine
493 4175 591 4239 dubio
617 4198 718 4240 causa
741 4176 810 4240 fuit.
858 4175 973 4260 Neque
1009 4185 1118 4266 tamen
1154 4174 1265 4238 fabula
1296 4173 1456 4254 exstabat,

284 4305 368 4369 quae
394 4305 466 4345 cum
485 4281 653 4346 Iuvenalis
670 4283 781 4347 verbis
807 4284 1008 4346 conveniret.
1053 4282 1164 4363 Quare
1189 4282 1230 4346 ad
1247 4281 1349 4345 verba
1372 4302 1457 4366 quae

375 4550 395 4614 ¹)
414 4548 517 4617 Ταρσὸς
536 4547 622 4602 etiam
640 4548 756 4618 pinnam
775 4548 924 4616 significat,
