3334 5042
651 390 870 458 ..59-

184 589 215 654 id
238 589 481 656 admirationem
505 592 621 666 movet,
645 585 780 652 Siridem
803 589 886 672 apud
910 609 984 652 cum
1006 609 1071 652 non
1088 586 1264 670 aTrojanis
1285 586 1340 651 sed

182 693 345 760 aGraecis
366 696 460 780 Troja
482 695 686 759 redeuntibus
709 695 874 759 conditam
897 714 965 758 esse
973 689 998 777 ¹)
1027 690 1125 777 (quod
1153 693 1341 757 scholiastae

183 824 246 867 non
270 809 355 868 recte
378 803 630 882 intellexeruut).
677 802 726 865 Ab
750 800 799 864 his
822 800 958 866 Achaeis
980 797 1075 886 (989)
1110 796 1258 867 Eoodr'dec
1277 801 1341 865 sive

183 905 287 976 Ἰάονες
309 911 363 994 qui
386 914 481 974 antea
509 910 619 973 urbem
654 906 848 972 obtinebant
882 908 967 972 inter
994 907 1107 973 altaria
1133 907 1341 974 trucidantur.

185 1014 351 1080 Scholiasta
375 1014 492 1097 (Schol.
510 1019 574 1080 vet.
598 1014 648 1080 ed.
665 1014 791 1091 'Kinhet
811 1014 876 1079 984
891 1012 976 1099 sqq.)
993 1035 1062 1078 cum
1078 1035 1145 1079 rem
1160 1014 1199 1077 ad
1215 1016 1341 1096 tempus

183 1122 312 1199 referat,
348 1145 410 1207 quo
444 1123 519 1186 urbs
542 1146 561 1186 a
584 1121 785 1205 Sybaritanis
809 1127 842 1185 et
865 1119 1121 1185 Crotoniensibus
1144 1117 1279 1206 (Ἀχαιῶν
1301 1118 1345 1187 εἷς

184 1224 292 1296 Ἰάσνας
309 1227 438 1316 βλάβην,
462 1225 552 1314 Lyc.)
576 1234 667 1312 capta
689 1228 739 1306 sit,
764 1228 879 1311 quibus
903 1249 943 1292 ex
966 1227 1105 1311 antiquis
1120 1225 1264 1311 Trojanis
1287 1226 1342 1308 qui

182 1334 296 1420 reliqui
316 1340 494 1401 tumerent
516 1357 584 1401 sese
607 1335 841 1412 coniunxerint,
865 1333 951 1397 haud
967 1333 1063 1398 dubie
1079 1354 1226 1417 perverse
1241 1333 1342 1397 inter·

183 1448 326 1526 pretatns
350 1447 407 1507 est.
454 1442 567 1508 Nescio
590 1464 632 1507 au
647 1448 735 1508 recte
759 1441 944 1506 borentzius
967 1439 1197 1504 existimaverit
1221 1439 1342 1524 ›Lyco-

182 1549 336 1631 phronem
356 1545 575 1633 'lcioverdocte
599 1571 656 1634 pro
679 1547 862 1614 Chaonihus
884 1548 1065 1631 posuisse‹;
1089 1567 1188 1630 quam
1211 1551 1341 1632 gentem

181 1655 358 1738 antiquitus
381 1656 465 1722 circa
488 1654 623 1722 Siridcm
645 1655 804 1720 habitasse
828 1658 965 1719 constat.

270 1759 405 1845 Quoquo
428 1764 520 1829 modo
544 1765 583 1827 de
607 1763 667 1828 hoc
690 1764 759 1828 loco
771 1761 985 1847 judicandum
1007 1765 1067 1836 est,
1084 1761 1214 1823 minime
1231 1758 1341 1823 dubito

183 1869 259 1953 quin
283 1870 424 1933 narratio
447 1892 543 1955 supra
566 1874 813 1935 commemorata
837 1869 995 1954 originem
1029 1891 1068 1932 ex
1101 1889 1136 1931 re
1158 1888 1230 1931 vere
1253 1866 1343 1930 facta

182 1976 318 2053 duxerit,
344 1997 441 2060 quam
463 1997 492 2040 a.
518 1977 642 2041 circiter
663 1975 730 2043 560
750 1976 858 2061 potius
882 1995 977 2059 quam
1001 1996 1079 2039 saec.
1104 1973 1166 2038 llll
1188 1971 1343 2038 accidisse

183 2085 321 2159 credam3
346 2105 427 2167 quae
451 2088 558 2148 tamen
586 2085 625 2149 de
648 2084 732 2169 signi
755 2083 917 2148 oculorum
941 2086 1029 2146 motu
1052 2085 1225 2145 narrantur
1244 2079 1342 2143 fabu-

182 2189 251 2254 losa
273 2194 349 2266 sunt
372 2197 471 2274 atque
495 2189 657 2255 undenam
679 2196 807 2275 sumpta
829 2174 895 2254 sini
918 2209 1073 2273 quaerere
1098 2189 1182 2252 licet.

273 2294 395 2360 simila
413 2298 479 2379 jam
502 2296 630 2380 utone,
667 2317 737 2362 oum
771 2288 835 2359 unt
859 2294 954 2377 Αῐα,
972 2295 1106 2361 insonet
1137 2271 1344 2373 cassandrae,

184 2402 347 2469 Minervae
371 2403 541 2469 simulacro
564 2403 715 2471 accidisse
739 2402 951 2468 Callimachus
974 2399 1030 2487 (fg.
1057 2399 1117 2466 13(1
1136 2400 1285 2466 Schneid.
1309 2398 1344 2463 lI

186 2506 272 2595 126),
296 2510 495 2595 Lycophron‚
521 2512 575 2575 alii
599 2507 777 2594 tradunt2).
824 2509 898 2595 Lyc.
925 2510 986 2576 361
1013 2526 1087 2593 sqq:

272 2617 291 2704 ὴ
314 2614 370 2702 (sc.
396 2616 552 2702 Minerva)
575 2617 604 2681 δ’
629 2618 672 2691 εἷς
691 2617 823 2703 τέραμνα
846 2614 1092 2702 δσυρατσγλύφσυ
1116 2614 1220 2701 στέγης

271 2724 379 2811 titiane
399 2723 462 2788 ἄνω
486 2723 642 2810 στρέψασα
660 2726 794 2812 χώσεται
815 2724 938 2809 στρατῷ
960 2746 985 2788 κ.
1002 2723 1065 2786 ud

272 2829 322 2893 Ex
345 2831 508 2897 nonnullis
531 2836 640 2896 autem
663 2831 831 2897 Strabonis
862 2828 967 2895 verbis
1001 2826 1037 2913 (l.
1060 2850 1094 2894 c„
1111 2829 1279 2912 καταμῦσαι
1301 2873 1341 2893 ..

185 2932 326 3022 καθάπερ
349 2936 398 2998 καὶ
420 2934 451 2999 ἐν
476 2934 545 3022 Ἰλίῳ
568 2938 799 3024 ἀποστραφῆναι
821 2935 898 2999 κατὰ
922 2935 973 2997 τὸν
1000 2928 1178 3019 Κασᾶνὸρας
1198 2933 1342 3019 βιασμόν)

185 3043 402 3126 intellegimus
425 3042 539 3109 Siritas
574 3045 776 3110 simulacrum
804 3066 896 3109 suum
930 3043 1105 3127 Trojanum
1139 3062 1198 3126 pro
1232 3041 1343 3106 eodem

184 3148 362 3215 venditasse
384 3173 403 3214 a
426 3172 489 3236 quo
512 3150 688 3216 Cassandra
714 3151 755 3215 ab
792 3151 889 3216 Aiace
924 3149 1034 3214 avulsa
1068 3153 1161 3214 esset.
1186 3183 1226 3195 -
1251 3146 1344 3212 Vnde

186 3261 319 3339 apparet
347 3262 404 3321 aut
418 3257 558 3322 fabulam
574 3278 638 3341 qua
653 3257 771 3323 Siritae
787 3258 929 3342 ipsorum
945 3256 1072 3341 signum
1087 3255 1193 3321 oculos
1208 3254 1344 3319 movisse

185 3360 399 3445 perhibebant
432 3365 471 3428 ad
507 3362 702 3430 Cassandrae
736 3363 879 3429 fabulam
913 3362 1053 3428 effictam
1087 3382 1163 3440 esse,
1198 3360 1344 3426 autrico

186 3489 274 3533 versa
290 3490 372 3554 quae
388 3467 504 3535 Siritae
519 3471 673 3536 finxerint
689 3471 729 3536 ad
743 3467 871 3554 βιασμόν
886 3491 1013 3555 quoque
1028 3468 1221 3535 Cassandrae
1239 3468 1345 3535 relata

186 3596 260 3641 esse.
284 3613 328 3622 -

274 3682 335 3748 Sed
352 3684 450 3768 quid?
466 3684 553 3766 quod
568 3683 757 3770 Lycophron
780 3690 855 3770 post
882 3704 990 3749 versus
1017 3687 1277 3749 commemoratos
1299 3681 1344 3746 sic

185 3790 303 3875 pergit:
328 3789 391 3854 362
415 3812 499 3876 sqqr

257 3968 277 4034 ¹)
296 3966 319 4020 Α
338 3965 435 4036 quibus
453 3968 543 4022 umen
570 3967 637 4021 πόλιν
659 3962 771 4034 donetur
789 3964 849 4039 Ἰλίῳ
867 3965 1002 4021 conditam
1021 3980 1080 4020 esse
1097 3964 1169 4020 idem
1187 3963 1344 4036 Lycophron

185 4053 249 4109 dicit
271 4054 306 4110 98
336 4097 342 4109 .

256 4055 278 4210 2ί)
297 4054 385 4210 diist
405 4143 508 4218 Smyrn.
527 4144 591 4201 XIII
615 4144 675 4200 426.
695 4142 783 4201 Schol.
803 4143 834 4198 ll.
855 4141 886 4203 N.
905 4144 949 4200 66.
985 4141 1142 4212 Euphorion
1160 4140 1248 4210 (Mein.
1268 4139 1344 4196 Anal.

185 4230 263 4286 Alex.
283 4248 309 4302 p.
329 4232 399 4301 165).
