3334 5042
796 434 1013 496 ..54-

323 628 455 692 Ilienses
478 629 572 706 enim,
601 629 687 712 quod
714 648 754 694 ex
777 625 934 692 Strabone
957 625 1049 712 (600)
1072 627 1232 709 discimus,
1261 628 1371 692 urbem
1394 650 1483 693 suam

325 735 458 799 eandem
483 755 549 799 esse
565 756 603 798 ac
618 733 747 820 Trojam
759 733 964 799 Homericam
981 734 1216 798 contendebam
1232 754 1335 818 neque
1355 756 1483 818 prorsus

322 842 362 905 ab
387 841 514 906 Achivis
538 841 674 905 dirutam
696 863 775 906 neve
798 862 940 926 unquam
964 839 1123 905 desertam
1147 840 1253 905 fuisse.
1301 841 1370 917 Quo
1394 843 1482 906 testi-

322 948 428 1013 monio
450 946 553 1011 fretus
581 948 723 1031 suspicor
752 946 896 1012 fabulam
924 947 1079 1011 exstitisse
1109 968 1176 1031 qua
1198 947 1375 1012 Palladium
1399 949 1483 1013 iuter

322 1056 432 1119 ruinas
466 1052 576 1137 templi
603 1052 763 1118 Minervae
796 1054 983 1119 inviolatum
1017 1059 1180 1137 repertum
1214 1075 1280 1119 esse
1314 1060 1411 1140 atque
1438 1057 1482 1119 sic

325 1181 432 1244 »spem
466 1160 677 1225 restitutionis
711 1163 827 1245 oppido
861 1161 1079 1244 portendisse<
1110 1161 1347 1243 perhibebatur.
1375 1152 1482 1225 ‘Haec

323 1268 506 1350 conjectura
521 1268 642 1331 duabus
657 1267 751 1331 rebus
764 1267 981 1359 confirmatur.
1015 1265 1157 1331 Primum
1169 1269 1253 1331 enim
1265 1268 1304 1330 ad
1317 1268 1481 1351 antiquam

321 1374 411 1438 illam
435 1373 586 1437 fabellam
609 1394 647 1438 ea
670 1373 778 1438 efficta
801 1378 905 1438 essent
927 1394 1009 1457 quae
1033 1373 1072 1436 de
1095 1371 1182 1437 urbis
1206 1374 1440 1459 expugnatione
1463 1397 1481 1436 a

322 1478 464 1543 Fimbria
497 1479 583 1543 facta
614 1482 836 1545 narrabantur.
884 1479 947 1544 Res
974 1484 1079 1543 autem
1107 1478 1276 1544 historicae
1303 1484 1341 1543 nt
1367 1480 1412 1544 sic
1438 1478 1480 1543 ad

322 1586 449 1652 fabulas
472 1585 700 1671 mythologioas
724 1585 961 1652 conformentur
975 1586 1100 1668 saepius
1114 1584 1243 1651 accidit.
1281 1584 1363 1649 Tum
1380 1584 1479 1650 Servii
1510 1602 1512 1605 ·

322 1693 427 1757 locum
450 1692 600 1777 adhibere
630 1695 716 1771 licet,
745 1691 801 1757 ubi
833 1714 914 1777 quae
937 1693 975 1755 ad
1004 1693 1092 1775 prius
1115 1714 1260 1777 quaeque
1283 1693 1323 1755 ad
1347 1691 1479 1756 alterum

321 1799 410 1864 urbis
433 1800 590 1865 excidium
613 1802 795 1884 pertineant
818 1800 976 1883 permixta
998 1819 1065 1862 esse
1087 1799 1166 1863 mihi
1189 1801 1345 1863 videntur.
1398 1796 1480 1862 (lon-

321 1905 453 1970 fusionis
488 1907 646 1971 elementa
678 1906 790 1970 saltem
819 1904 951 1970 retineri
985 1909 1135 1987 possunt:
1175 1905 1393 1988 »Quamquam
1426 1904 1479 1967 alii

320 2013 437 2089 dicant,
472 2013 672 2077 simulacrum
707 2012 766 2076 hoc
794 2034 813 2075 a
839 2010 986 2095 Trojanis
1020 2013 1241 2076 absconditum
1269 2008 1365 2074 fuisse
1397 2012 1481 2073 intra

320 2123 500 2183 extructum
530 2119 682 2201 parietem
712 2123 892 2201 postquam·
913 2120 1113 2202 agnoverunt
1140 2116 1268 2202 Troiam
1300 2137 1367 2180 esse
1397 2116 1480 2199 peri·

320 2231 454 2290 turam<

769 2329 787 2412 ἕ
814 2331 864 2394 10.
902 2329 1029 2394 Roma.

408 2454 544 2520 Romani
571 2454 707 2537 denique
734 2454 937 2518 simulacrum
966 2453 1140 2538 Trojauum
1169 2473 1202 2516 se
1225 2454 1383 2536 possidere
1405 2475 1479 2518 con·

318 2559 501 2626 tenderunt.

408 2667 546 2732 Fabulae
575 2685 659 2749 quae
682 2664 721 2730 de
745 2665 889 2729 Palladio
924 2667 1063 2750 agebant
1098 2665 1215 2730 Romae
1250 2667 1319 2749 jam
1355 2672 1480 2730 mature

319 2774 462 2855 vulgatas
486 2794 551 2837 esse
573 2793 612 2836 ex
634 2771 741 2835 Plauti
765 2769 869 2836 verbis
893 2771 1026 2855 (Bacch.
1044 2772 1107 2836 953
1134 2772 1195 2855 sq.)
1219 2759 1316 2856 atque
1339 2793 1378 2837 ex
1401 2774 1479 2838 artis

320 2880 468 2963 operibns
495 2876 650 2942 Romanis
680 2883 829 2961 apparet,
865 2900 998 2962 quorum
1022 2878 1245 2961 antiquissima
1272 2880 1388 2942 saeculi
1412 2879 1427 2942 I
1450 2903 1478 2943 a.

319 2985 394 3050 Chr.
417 3007 450 3048 n.
473 3007 539 3048 esse
561 2985 698 3048 vidimus
721 2981 767 3069 (p.
796 2981 860 3068 14).

409 3090 567 3154 Minervae
591 3112 663 3156 vero
686 3090 890 3155 simulacrum
916 3091 1052 3156 Romam
1075 3092 1243 3156 advectum
1267 3111 1333 3155 csse
1356 3093 1478 3176 primus
1565 3108 1568 3113 ’

323 3195 424 3262 Cicero
438 3201 574 3261 testatur
595 3197 629 3260 in
653 3199 796 3262 oratioue
813 3220 875 3283 pro
899 3196 1014 3263 Scauro
1029 3221 1057 3262 a.
1075 3197 1118 3262 54
1141 3198 1262 3262 habita:
1291 3196 1477 3262 a..Palla·

319 3306 406 3368 dium
434 3303 522 3381 illud,
557 3303 643 3387 quod
671 3305 762 3388 quasi
791 3305 907 3388 pignus
936 3309 1063 3369 nostrae
1089 3305 1202 3368 salutis
1229 3309 1325 3388 atque
1353 3305 1478 3388 imperii

319 3410 470 3475 custodiis
486 3409 602 3474 Vestae
626 3412 813 3485 continetur,
841 3459 847 3474 .
873 3460 880 3473 .
906 3460 914 3473 .
939 3412 1081 3476 divinum
1103 3411 1335 3475 incolumitatis
1350 3418 1479 3474 nostrae

318 3518 465 3602 pignus<
513 3516 556 3580 Et
579 3523 686 3599 postea
713 3518 747 3581 in
770 3517 885 3603 Philip.
910 3516 957 3580 Xl.
980 3518 1034 3596 10,
1059 3518 1115 3582 24:
1155 3519 1297 3600 »signum
1326 3518 1409 3601 quod
1438 3515 1477 3580 de

318 3623 404 3689 caelo
438 3624 600 3708 delapsum
625 3621 741 3687 Vestae
776 3623 928 3689 custodiis
963 3626 1158 3701 continetur3
1194 3645 1257 3707 quo
1285 3623 1372 3688 salvo
1400 3623 1478 3687 salvi

317 3752 426 3794 sumus
442 3728 571 3794 futuri«
610 3728 809 3815 Quamquam
822 3732 906 3795 enim
920 3730 1095 3795 Palladium
1109 3730 1280 3815 Trojanum
1296 3752 1315 3794 a
1327 3729 1479 3795 Cicerone

318 3835 489 3922 significari
523 3834 680 3899 Wissowa
717 3838 750 3900 in
788 3835 920 3900 dubium
960 3837 1083 3900 vocavit
1093 3832 1131 3915 ¹),
1172 3858 1222 3900 res
1256 3841 1365 3901 tamen
1399 3836 1478 3900 mihi

318 3944 446 4026 quidem
481 3941 657 4006 certissima
691 3941 816 4008 videtur
851 3963 926 4020 esse,
962 3964 1033 4007 cum
1063 3941 1150 4005 baud
1178 3944 1361 4027 perspiciam
1393 3942 1477 4026 quod

389 4086 409 4150 ¹)
427 4079 539 4135 Hermes
558 4078 631 4133 XXII
650 4081 684 4133 28
705 4095 764 4150 sqq.
783 4078 845 4148 (Die
864 4079 1082 4151 Ueberlieferung
1104 4082 1171 4137 fiber
1194 4081 1236 4136 die
1260 4082 1410 4136 romischen
1429 4081 1478 4135 Pe-

317 4172 419 4238 naten),
437 4186 464 4238 p.
482 4169 530 4223 43:
549 4167 622 4223 Dass
641 4168 698 4222 dies
717 4169 765 4223 das
783 4168 901 4223 troische
919 4168 1069 4224 Palladium
1088 4171 1135 4238 sei,
1164 4171 1210 4224 hat
1232 4170 1301 4224 wohl
1320 4174 1377 4225 erst
1395 4170 1478 4223 Varro
1503 4244 1506 4249 ᾗ

317 4258 478 4327 behauptet3
496 4257 591 4311 Cicero
609 4260 670 4325 sagt
688 4257 776 4311 nichts
795 4256 891 4311 daven.
