3334 5042
874 329 891 384 6

307 510 430 571 dectem
450 511 589 588 punitum
609 512 771 588 anteposui
790 511 1010 570 Andromedae
1030 511 1188 580 liberatae,
1211 519 1242 568 et
1264 510 1336 586 quia
1353 510 1373 567 ii
1393 508 1446 586 qui

308 613 484 688 Polydectis
516 611 649 671 fabulam
678 620 845 671 tractarunt
874 611 1005 671 artifices
1028 612 1262 671 Andromedam
1294 610 1455 686 ignorasse

306 714 456 783 videntur,
479 722 511 772 et
531 721 566 772 ut
585 731 640 790 per
660 731 693 772 se
715 720 832 772 starent
854 712 956 771 omnia
969 731 1054 789 *quae
1069 714 1111 771 ad
1126 712 1357 771 Andromedam
1382 729 1452 787 per·

308 816 407 874 tinent
421 823 627 875 monumenta.
664 814 747 874 Intra
761 815 893 890 singulas
908 831 1036 873 scaenas
1051 822 1320 873 monumentorum
1335 830 1450 888 genera

191 923 192 926 ’
309 917 442 985 distinxi,
464 917 507 974 ita
528 924 639 986 autem,
661 923 695 975 ut
713 916 824 975 diversi
846 916 968 992 generis
986 924 1188 974 monumenta
1203 932 1283 990 quae
1296 916 1338 973 ad
1357 926 1451 972 unum

310 1019 467 1096 exemplar
486 1018 662 1077 revocanda
683 1026 796 1093 essent,
821 1035 1047 1093 componerem.

408 1119 497 1179 Notis
520 1119 562 1179 ad
582 1118 766 1178 indicandos
788 1119 933 1178 librorum
955 1119 1060 1178 titulos
1082 1135 1156 1177 usus
1179 1129 1246 1177 sum
1268 1116 1331 1176 his:

310 1221 347 1283 A.
370 1221 400 1283 d.
423 1222 444 1281 Ι.
477 1244 517 1273 =
540 1219 650 1279 Annali
672 1215 742 1279 dell'
762 1220 906 1279 Instituto
929 1220 1010 1279 arch.
1034 1237 1130 1295 germ.

310 1323 344 1382 B.
368 1324 398 1383 d.
421 1323 449 1384 I.·
480 1321 729 1399 ='Bulletino‚‚
830 1366 849 1399 ‚,
972 1366 990 1398 ‚‚
1076 1366 1095 1398 ‚,

310 1424 353 1486 M.
377 1425 407 1486 d.
427 1424 450 1484 I.
477 1445 517 1474 =
539 1422 729 1482 Monumenti
828 1468 847 1498 ‚‚
970 1467 988 1500 „
1073 1467 1091 1500 ‚,

310 1526 348 1586 A.
366 1524 392 1602 J.
478 1547 518 1575 =
538 1523 692 1603 Jahrbuch
714 1525 770 1582 des
785 1524 872 1582 Kais.
895 1523 1067 1582 deutschen
1089 1520 1383 1597 archaeologischen
1405 1521 1457 1580 In·

548 1625 661 1685 stituts.

311 1730 346 1788 A.
369 1729 402 1787 Z.
478 1751 518 1777 =
541 1726 815 1803 Archaeologische
838 1727 979 1802 Zeitung.

312 1831 346 1892 B.
370 1850 398 1890 a.
421 1829 454 1889 B.
478 1851 517 1879 =
542 1828 741 1904 Friederichs,
769 1828 886 1887 Berlins
911 1826 1016 1887 antike
1043 1825 1235 1900 Bildwerlre,
1258 1824 1468 1884 Duesseldorf

540 1932 713 1991 1868-71.

277 2088 278 2091 ,
315 2035 346 2094 Η
367 2029 505 2113 (vasculo
529 2029 649 2110 addita)
677 2057 717 2084 =
740 2032 957 2109 Heydemann,
985 2031 1037 2089 die
1063 2029 1380 2103 Vasensamrnlnngen
1405 2028 1462 2084 des

739 2142 851 2200 Museo
873 2141 1036 2199 naaionale
1052 2158 1089 2197 zu
1104 2138 1231 2215 Neapel,
1255 2137 1356 2197 Berlin
1372 2138 1462 2197 1872.

317 2243 348 2301 Η
370 2240 518 2321 (picturae
537 2241 658 2320 addita)
682 2263 721 2294 =
744 2241 1138 2318 Helbig‚Wandgemaelde
1149 2241 1206 2312 der
1214 2239 1464 2298 verschuetteten

742 2344 871 2403 Staedte
894 2342 1107 2419 Campaniens,
1130 2341 1255 2417 Leipzig
1278 2340 1370 2400 1868.

318 2447 337 2506 S
442 2493 459 2525 ‚,
586 2491 602 2517 ,‚
683 2468 720 2497 =
744 2445 899 2520 Sogliano,
921 2444 949 2502 le
970 2444 1083 2519 pitture
1102 2442 1210 2501 murali
1226 2460 1374 2517 campane
1397 2457 1465 2498 sco·

743 2547 820 2623 perti
843 2545 924 2622 negli
947 2545 1019 2604 anni
1036 2544 1210 2604 1867-79.
1244 2542 1356 2620 Napoli
1373 2544 1464 2602 1879.

420 2648 553 2707 Vascula
573 2649 784 2708 Berolinensia
796 2650 967 2707 secundum
984 2646 1231 2721 Furtwaengleri‚
1255 2642 1466 2705 Londinensia

320 2752 491 2811 secundum
519 2749 686 2820 Newtonis,
716 2749 945 2826 Petropolitana
972 2749 1142 2807 secundum
1169 2745 1327 2824 Stephanii
1349 2734 1472 2804 catalo-⁴

315 2871 372 2930 gos
399 2852 499 2914 citavi.

880 3036 904 3094 I.

371 3153 419 3228 A.
460 3155 592 3229 Danae
617 3149 752 3228 lovem
777 3151 817 3226 in
844 3176 981 3227 aurum
1008 3175 1234 3225 conversum
1259 3148 1411 3246 excipit.

559 3305 762 3363 Monumenta
786 3322 865 3380 quae
887 3322 925 3360 ex
948 3304 1055 3362 litteris
1078 3303 1226 3363 novimus

419 3453 446 3494 a.
469 3433 574 3491 Niciae
596 3431 721 3507 pictoris
745 3430 853 3488 Danae
875 3430 912 3489 ef.
938 3428 1014 3489 Pli'n.
1040 3431 1089 3504 35,
1114 3431 1184 3489 131.

419 3535 449 3591 b.
468 3533 594 3592 Danaes
616 3534 720 3591 nudae
747 3533 778 3589 in
808 3533 891 3590 lecto
924 3530 1104 3590 accubantis
1126 3531 1229 3606 imago
1264 3529 1418 3605 descripta
1448 3548 1468 3588 a

318 3635 463 3694 Terentio
486 3635 569 3693 Eun.
592 3634 683 3705 1115,
707 3636 757 3694 35.

722 3787 925 3845 Monumenta
941 3795 1076 3859 servata.
1154 3793 1158 3800 “

734 3911 812 3983 Vasa
825 3925 909 3997 pieta
928 3924 979 3997 fig.
1002 3923 1065 3981 rub.

430 4064 457 4120 1.
480 4057 609 4118 Cratera
630 4056 801 4118 Caeretana
823 4074 900 4116 mus,
922 4057 1073 4134 Petropol
1095 4075 1124 4113 n.
1139 4057 1228 4124 1723,
1250 4056 1301 4112 ed.
1320 4054 1475 4129 Gerhard‚

329 4161 451 4232 Danae,
473 4162 583 4221 Berlin.
595 4159 945 4236 Winckelmannsprogr.
969 4158 1059 4229 1854.
1094 4156 1234 4214 Welcker
1248 4157 1284 4216 A.
1305 4155 1343 4215 Ι).
1357 4155 1394 4215 V.
1411 4157 1477 4223 tab,

326 4267 373 4334 16,
402 4267 450 4325 17.
495 4261 667 4334 Overbeck,
690 4259 980 4336 Knnstmythologie
1008 4260 1038 4321 d.
1063 4259 1152 4327 Zeus,
1181 4258 1267 4316 Atlas
1292 4258 1356 4317 tab.
1382 4257 1426 4317 VI
1443 4262 1475 4331 2,

320 4366 406 4429 alibi.
