3334 5042
809 438 1014 530 ,52⁴-

330 635 460 698 veniunt
483 638 580 716 atque
603 634 728 697 videtur
744 631 936 711 Laertiaden,
961 633 1077 717 quippe
1099 633 1155 717 qui
1178 634 1211 697 in
1234 634 1399 718 tragoediis
1422 638 1490 699 tam

329 760 480 824 magnum
503 739 608 805 locum
631 739 782 815 obtineat,
812 739 864 803 hic
892 759 1020 823 quoque
1048 740 1167 823 primas
1195 746 1303 824 partes
1332 741 1487 805 habuisse.

328 845 477 912 Fortasse
512 847 575 911 huc
608 843 810 910 referendum
845 850 892 910 est
925 844 1054 909 scholion
1086 847 1120 908 ia
1153 846 1365 932 Aristophanis
1393 847 1487 931 Vesp.

328 976 358 1019 v.
374 952 453 1018 351:
477 951 522 1014 ὅτι
534 951 568 1014 τὸ
581 949 749 1013 Παλλάδιον
761 949 796 1013 δι’
812 948 984 1036 ὑδροῤῥόας
992 948 1131 1037 εἰσῆλθον
1145 953 1172 1014 οἱ
1188 951 1256 1036 περὶ
1272 953 1322 1014 τὸν
1337 949 1487 1016 Ὀδυσσέα.

415 1059 449 1125 Si
471 1080 545 1125 vero
569 1058 689 1122 Helena
722 1059 755 1122 iu
789 1057 956 1142 Sophoclis
983 1057 1150 1140 tragoedia
1178 1063 1285 1142 partes
1312 1061 1386 1142 egit,
1418 1061 1485 1143 jam

326 1166 490 1251 probabile
527 1163 564 1230 fit
602 1167 641 1228 ad
676 1165 742 1249 ejus
776 1163 919 1228 fabulam
953 1163 1112 1248 picturam
1150 1166 1266 1229 vasculi
1296 1187 1325 1241 s„
1354 1165 1403 1230 ΙΙΙ
1436 1187 1486 1230 re·

326 1271 490 1338 ferendam
513 1293 582 1337 esse
605 1292 701 1354 quam
728 1293 824 1355 supra
846 1273 905 1335 sub
928 1292 979 1335 no.
997 1269 1018 1334 ὗ
1034 1270 1196 1355 descripsi.
1241 1270 1350 1354 Atque
1365 1272 1486 1356 pleras-

325 1400 386 1463 que
401 1379 497 1462 hujns
509 1379 634 1464 generis
647 1377 825 1461 amphoras,
843 1398 926 1460 quae
944 1376 1065 1461 Apulae
1082 1379 1239 1455 dicuntur,
1261 1401 1300 1441 ex
1315 1380 1486 1459 tragoediis

324 1485 441 1552 Atticis
464 1505 524 1549 sua
548 1490 735 1568 argumenta
758 1484 877 1569 cepisse
908 1487 1021 1547 notum
1044 1489 1101 1547 est
1125 1519 1167 1532 -—
1192 1482 1228 1548 ln
1255 1485 1358 1568 prima
1379 1492 1485 1549 autem

323 1591 549 1659 dissertationis
584 1596 674 1675 parte
710 1590 750 1654 ad
785 1592 917 1655 eandem
950 1589 1157 1654 traditionem
1191 1597 1289 1674 atque
1325 1592 1483 1656 vasculum

321 1718 419 1782 supra
453 1701 733 1764 commemoratum
772 1697 950 1782 amphoram
987 1698 1047 1760 sub
1084 1719 1135 1762 no.
1170 1701 1189 1762 6
1230 1705 1412 1763 enarratam
1453 1706 1484 1764 et

304 1855 306 1859 .
314 1804 470 1890 picarum
493 1805 712 1889 Pompp’anam
734 1801 798 1887 (no.
816 1803 871 1883 16)
896 1804 1001 1874 retuli,
1025 1803 1058 1866 in
1082 1802 1196 1885 quibus
1212 1826 1339 1889 quoque
1362 1805 1484 1871 Helena

319 1910 501 1995 raptoribus
524 1912 636 1976 favens
660 1911 821 1993 aspicitur.
869 1907 1016 1974 Picturae
1039 1909 1253 1995 Pompejanae
1277 1915 1365 1976 certe
1387 1933 1484 1997 argn-

320 2022 464 2081 mentum
489 2038 527 2081 ex
551 2015 667 2080 fabulis
691 2016 804 2079 Atticis
838 2015 966 2079 fluxisse
1000 2036 1037 2080 eo
1072 2019 1294 2099 comprobatur
1328 2021 1411 2099 quod
1446 2020 1479 2082 in

321 2144 361 2188 ea
384 2122 504 2188 Aethra
526 2121 679 2188 Helenam
703 2123 887 2187 comitatur.

374 2349 379 2361 ·
408 2335 495 2412 Quae
518 2357 556 2399 ex
581 2334 769 2418 fragmentis
793 2338 890 2416 atque
913 2357 951 2398 ex
975 2334 1026 2399 his
1048 2337 1260 2400 monumentis
1289 2337 1327 2401 de
1350 2336 1480 2402 fabulae

319 2440 511 2526 Sophocleae
535 2447 726 2526 argumento
754 2463 826 2505 cum
855 2442 996 2525 quadam
1025 2444 1089 2506 veri
1118 2444 1223 2525 specie
1251 2443 1320 2507 elici
1347 2451 1480 2527 possunt

317 2546 458 2614 breviter
481 2569 566 2612 nunc
588 2548 763 2632 explicabo.

405 2653 527 2719 Scaena
570 2658 618 2718 est
659 2652 699 2718 ad
743 2655 872 2719 domum
915 2653 1051 2730 Priami;
1095 2659 1190 2722 noctu
1234 2677 1285 2720 res
1328 2663 1477 2742 aguntur.

316 2760 440 2826 Helena
468 2761 605 2826 fortasse
634 2759 803 2845 prologum
826 2762 934 2825 locuta
956 2767 1015 2826 est.
1062 2763 1214 2827 Animum
1238 2763 1305 2845 jam
1333 2768 1476 2841 mutavit,

316 2890 397 2952 quae
419 2888 520 2952 nuper
535 2888 607 2931 curn
623 2866 715 2931 Vlixe
731 2867 844 2951 pannis
866 2867 1002 2932 mendici
1025 2868 1139 2934 induto
1162 2869 1200 2932 de
1224 2870 1302 2933 urbe
1324 2872 1478 2954 capienda

316 2973 474 3038 collocuta
501 2973 553 3050 sit,
587 2995 691 3056 neque
722 2973 856 3038 forsitan
891 2976 1021 3057 ignorat
1054 2974 1164 3038 heroes
1193 2973 1370 3039 Palladium
1403 2999 1477 3041 mox

315 3086 461 3165 rapturos
490 3101 554 3145 esse
581 3076 637 3165 (cf.
667 3079 727 3144 Od.
751 3078 798 3143 IV
822 3081 939 3146 260-4:
967 3078 1026 3167 ἤδη
1049 3105 1102 3165 μοι
1127 3080 1234 3168 νςοαδίη
1263 3080 1405 3165 τέτραπτο
1434 3083 1476 3148 νέ·

315 3183 405 3249 εσθαι
435 3183 439 3272 Ι
471 3184 515 3270 dd
537 3185 656 3260 eiecturi,
684 3185 757 3274 ἄτην
785 3186 819 3249 δὲ
838 3186 1014 3269 μετέστενον
1037 3188 1134 3250 nat
1162 3195 1195 3253 et
1223 3188 1332 3252 lliadis
1359 3211 1476 3273 parvae

315 3294 476 3378 epitomen
499 3316 517 3356 a
542 3291 655 3358 Proclo
678 3293 860 3375 servatam).
1068 3364 1069 3367 Ἴ

402 3399 567 3464 Prodeant
590 3420 677 3464 nunc
699 3399 733 3463 in
749 3420 900 3465 scaenam
916 3398 1024 3463 Vlixes
1040 3405 1073 3464 et
1093 3399 1270 3478 Diomedes,
1295 3403 1349 3486 qui
1371 3404 1474 3467 nescio

309 3526 378 3595 quo
400 3507 495 3570 modo
518 3506 552 3570 in
575 3504 688 3570 urbem
711 3527 745 3570 se
767 3506 976 3570 immisemut.

401 3613 549 3677 Alterum
613 3616 720 3676 autem
787 3612 911 3677 fabulae
975 3612 1189 3697 fragmentum
1250 3618 1356 3678 exstat
1414 3614 1474 3680 hoc

312 3715 463 3803 (Narrclr²
486 3715 580 3803 nm:

523 3821 591 3887 Aeol
614 3824 671 3910 γὰρ
694 3820 806 3901 οὔποτ’,
831 3821 863 3886 εἴ
880 3847 904 3887 τι
921 3824 985 3913 χρὴ
1005 3824 1117 3909 βροτὸν
1139 3824 1242 3907 λέγειν,

523 3929 631 4015 τζοξασι
658 3928 753 4016 Φρυξὶ
775 3931 826 4018 τὴν
849 3935 910 3994 κατ’
935 3928 1069 4017 Ἀργείων
1091 3929 1177 4017 ὕβριν

523 4033 751 4106 ξονατνέσονται·
775 4041 868 4100 ταῦτα
886 4036 931 4123 μὴ
949 4038 1051 4125 μάχου
1071 4035 1135 4122 βίᾳ.

399 4142 487 4218 Quae
511 4142 607 4207 rerba
630 4166 667 4207 ex
684 4142 787 4208 Vlixis
811 4148 843 4208 et
861 4144 1000 4208 Helenae
1016 4145 1159 4210 diverbio
1175 4146 1277 4230 petita
1293 4166 1360 4210 esse
1379 4152 1469 4229 puto:

311 4248 420 4314 Vlixes
455 4249 496 4313 ab
525 4248 650 4314 Helena
676 4251 814 4335 primum
838 4251 994 4316 renitente
1021 4252 1163 4337 flagitare
1187 4253 1309 4316 ridetur
1343 4258 1379 4316 ut
1401 4255 1470 4335 ipso
