3334 5042
660 400 880 469 „41-

175 600 290 663 <latum
326 618 395 663 esse
427 593 521 683 (Gall.
556 620 586 662 v.
611 595 654 660 35
689 602 721 662 et
754 596 854 662 schol.
893 597 935 662 ad
963 597 983 660 l.
994 592 1029 680 ¹).
1086 595 1169 663 Tum
1203 619 1222 662 a
1256 594 1353 662 (lalli-

190 706 303 771 macho
327 705 511 791 depingitur
537 703 654 789 quibus
677 704 877 769 caerimoniis
900 704 1039 789 virgines
1063 703 1200 789 Argivae
1225 701 1351 788 signum

191 811 353 876 Minervae
386 833 481 876 curru
519 810 704 894 impositum
740 811 781 876 ad
818 810 975 876 Inachum
1019 810 1170 888 tulerint,
1194 852 1195 855 =
1215 808 1353 875 vestibus

145 932 148 937 ’
190 918 348 994 exuerint,
393 918 540 994 laverint,
585 918 654 982 oleo
692 919 852 982 unxerint.
891 954 934 964 —
973 916 1053 982 Cum
1089 916 1172 982 hanc
1205 937 1353 1001 pompam

190 1028 385 1091 instruerent
423 1025 578 1109 imprimis
617 1021 795 1111 παρθενικαὶ
824 1024 966 1107 μεγάλων
1001 1021 1106 1099 παῖδες
1139 1020 1354 1109 Ἀρεστοριὸᾶν

192 1134 236 1214 (v.
260 1129 328 1214 34),
368 1131 516 1195 videntur
539 1137 703 1198 matronae
728 1156 808 1218 quae
832 1128 864 1192 Γ
859 1128 1011 1216 εγναράὸες
1031 1132 1231 1196 vocabantur
1256 1130 1354 1195 simu·

191 1241 276 1304 lacro
300 1243 373 1322 post
394 1238 615 1303 lustrationem
637 1261 745 1304 rursus
765 1244 885 1305 vestem
905 1238 1044 1302 induisse
1060 1238 1169 1320 (Bell.
1186 1239 1288 1303 αασοά.
1305 1260 1353 1323 pc.

192 1347 207 1410 l
240 1370 272 1431 p.
302 1342 392 1431 231).
454 1343 541 1420 Quae
579 1347 705 1428 quidam
745 1346 955 1412 caerimoniae
993 1366 1014 1409 a
1050 1343 1246 1410 Callimacho
1283 1339 1358 1412 ἔιλος

193 1449 337 1539 Ἀργείων
359 1448 558 1536 παλαιότερον
578 1454 789 1539 appellantur.
807 1489 850 1500 -
867 1451 1014 1517 Fortasse
1030 1451 1162 1516 eandem
1178 1450 1356 1517 Minervam

192 1561 320 1643 respicit
345 1557 461 1624 Statius
484 1557 592 1642 (mee.
617 1560 648 1624 ll
674 1558 735 1625 251
761 1556 857 1643 sqq.)‚
881 1559 937 1642 qui
961 1558 1037 1623 dicit
1059 1557 1199 1645 virgines
1220 1558 1356 1641 Argivas

192 1688 262 1731 cum
292 1667 448 1730 nuberent
475 1687 581 1732 comas
609 1687 681 1732 suas
709 1665 834 1731 Palladi
863 1666 1017 1731 devovere
1044 1666 1156 1729 solitas
1179 1686 1248 1730 esse
1272 1686 1356 1748 quae

191 1774 226 1838 in
249 1772 360 1837 Larisa
383 1772 556 1837 colebatur.

281 1879 418 1943 Videtur
452 1884 561 1943 tamen
589 1880 759 1964 praecipue
788 1885 825 1944 ut
859 1880 918 1945 dea
944 1878 1095 1944 bellicosa
1118 1880 1207 1943 culta
1244 1879 1354 1956 fnisse,

193 2010 262 2052 cum
306 1984 517 2050 Callimachus
565 1988 642 2052 haec
687 1988 831 2071 epitheta
881 1987 908 2051 ei
956 1986 1091 2050 tribuat:
1156 1982 1356 2070 περσέπτολις,

189 2089 415 2180 χρυσεοπῄληξ,
454 2091 552 2154 ἵππων
591 2092 639 2155 καὶ
672 2092 790 2157 σακέων
833 2090 966 2181 ἁὸογιένα
1000 2089 1126 2175 πατάγῳ
1171 2092 1227 2171 (43
1261 2097 1355 2176 sqq.)‚

192 2198 316 2267 Παλλὰς
339 2200 359 2285 ἢ
386 2196 528 2285 πολιᾶγος
553 2199 637 2279 (53);
668 2206 765 2286 atque
802 2202 891 2268 dicat
928 2197 970 2284 (v.
998 2222 1027 2264 v.
1055 2198 1176 2273 5-12,
1212 2197 1356 2279 23-30)

194 2307 275 2372 deae
315 2305 520 2370 simulacrum
559 2307 668 2372 eodem
708 2310 801 2373 modo
842 2308 1012 2392 quotannis
1040 2306 1227 2372 solemniter
1256 2303 1358 2370 lavari

68 2440 71 2447 ·
194 2436 257 2498 quo
280 2413 348 2497 ipsa
371 2411 516 2477 Minerva
538 2419 611 2498 post
637 2436 780 2501 pugnam
802 2436 870 2480 sese
892 2413 1062 2498 purificare
1085 2413 1210 2478 soleret.

282 2519 383 2597 Quam
407 2519 488 2585 bene
511 2526 616 2585 autem
634 2521 712 2586 baec
728 2543 799 2587 cum
819 2520 1002 2586 ›Palladio‹
1021 2520 1223 2598 conveniant,
1240 2502 1358 2604 quippe
1433 2596 1439 2606 ι

195 2627 279 2711 quod
303 2627 397 2691 deam
420 2632 573 2692 armatam
598 2632 863 2712 repraesentaret,
888 2629 958 2712 quis
981 2632 1029 2692 est
1051 2626 1129 2710 quin
1151 2624 1278 2691 videat?

285 2732 397 2798 Restat
434 2739 471 2797 ut
509 2734 644 2820 denique
681 2754 922 2799 commemorem
959 2733 1163 2798 interdictum
1207 2753 1275 2798 esse
1319 2752 1359 2795 ne

194 2842 241 2905 vir
279 2845 423 2904 statuam
461 2839 625 2906 Minervae
660 2841 802 2926 Argivae
841 2840 981 2906 vestibus
1010 2844 1140 2903 exutam
1161 2836 1284 2921 (γυμνὰν
1308 2835 1360 2922 τὴν

196 2943 358 3032 Παλλάδα)
393 2948 595 3031 conspiceret.
657 2948 762 3033 Vulgo
797 2948 985 3014 credebatur
1014 2947 1166 3012 caecitate
1192 2945 1247 3009 ille
1274 2943 1359 3009 affici

203 3055 257 3139 qui
281 3074 351 3118 eam
375 3055 504 3119 vidisset
528 3053 620 3141 (Call.
645 3055 683 3118 51
711 3055 793 3139 sqq).

284 3266 483 3331 Testimoniis
517 3269 608 3332 nobis
642 3269 845 3352 perlustratis
879 3290 962 3353 quae
996 3268 1035 3332 ad
1068 3267 1190 3331 cultum
1226 3263 1361 3329 Palladii

198 3374 307 3457 Argivi
331 3373 500 3439 referenda
534 3396 600 3439 esse
634 3376 790 3452 videntur,
826 3376 991 3459 quaeritur
1019 3396 1084 3458 quo
1117 3372 1212 3438 modo
1235 3373 1361 3457 signum

197 3480 371 3564 Trojanum
393 3481 426 3544 in
451 3482 642 3564 Argivorum
666 3502 777 3547 manus
800 3483 963 3548 devenisse
985 3484 1179 3546 narraretur.

285 3586 312 3651 Ε
335 3586 452 3651 fabulis
477 3593 583 3652 autem
612 3588 856 3653 Atheniensibus
880 3589 1002 3653 elucere
1023 3587 1148 3651 videtur
1172 3587 1255 3651 sacri
1278 3587 1361 3671 signi

181 3694 427 3785 ¹possessionem
463 3697 601 3777 primum
636 3696 676 3760 ad
712 3697 983 3777 Agamemnonem
1016 3696 1057 3760 ab
1080 3692 1205 3776 Argivis
1228 3694 1361 3758 relatam

199 3821 278 3880 esse;
313 3822 386 3865 cum
420 3807 527 3866 tamen
561 3803 642 3867 nihil
677 3801 812 3885 amplius
846 3802 884 3866 de
918 3803 982 3868 bac
1009 3802 1123 3867 fabula
1152 3822 1172 3864 a
1200 3798 1362 3865 veteribus

197 3906 405 3991 scriptoribus
428 3909 581 3974 traditum
604 3909 655 3986 sit,
679 3910 711 3973 in
728 3908 827 3974 tertia
850 3909 957 3992 potius
972 3907 1252 3973 commentationis
1273 3911 1364 3992 parte

199 4014 238 4078 de
262 4035 300 4079 aa
323 4015 436 4080 dicam.

271 4154 293 4222 ¹)
314 4153 412 4209 Scholii
436 4153 518 4208 verba
540 4169 600 4208 cum
618 4153 765 4211 Klausenio
787 4157 905 4221 (Aeneas
923 4171 949 4209 u.
968 4155 994 4210 d.
1013 4155 1078 4211 Pon.
1096 4155 1121 4210 Π
1140 4154 1221 4227 1201)
1244 4153 1282 4210 sic
1300 4169 1363 4210 eon·

198 4243 294 4299 stituor
314 4287 319 4298 .
341 4285 347 4297 .
368 4244 397 4296 τὸ
414 4243 517 4313 άγσλμα
536 4251 584 4316 τῆς
599 4242 716 4317 Ἀθηνᾶς
731 4245 772 4299 καὶ
790 4246 819 4299 τὸ
838 4245 981 4316 Διομήδους
995 4246 1150 4308 <σάτος>.
