3334 5042
773 241 814 306 31

300 437 365 504 Sed
390 461 463 503 cum
488 438 585 503 sedes
613 438 669 504 illa
696 442 730 503 in
758 449 904 502 extrema
928 438 1108 502 occidentis
1132 448 1223 524 parte
1248 438 1311 500 sita
1333 438 1381 501 in-

207 544 327 611 feriore
352 557 457 612 aetate
481 547 577 612 modo
602 547 655 612 hic
680 546 896 612 collocaretur
919 545 1015 610 modo
1039 545 1116 629 illic,
1141 555 1173 610 et
1190 544 1381 630 Gorgonum

210 655 411 718 domicilium
447 666 479 718 et
506 653 600 720 locus
632 678 696 741 quo
719 653 861 719 Medusa
889 677 908 717 a
938 655 1061 718 Perseo
1092 676 1189 718 caesa
1216 654 1380 738 Pegasum

210 762 320 835 edidit,
344 761 538 826 mutabatur.
584 762 630 827 Ut
652 762 799 847 Pegasus
828 782 848 823 a
874 761 991 825 Nonno
1019 766 1115 854 Λίβυς
1137 766 1223 841 ἵππος
1246 771 1382 824 vocatur

209 869 360 954 (Dionys.
385 870 570 933 XXXVIII
593 870 685 952 402),
711 869 798 955 quod
822 869 928 955 Libya
951 891 1017 932 una
1041 891 1083 933 ex
1105 867 1295 954 regionibus
1320 877 1380 945 est,

209 976 265 1039 ubi
293 977 529 1041 occidentalem
565 979 735 1042 numinum
771 975 886 1040 sedem
915 998 989 1040 6666
1013 986 1143 1040 veteres
1174 975 1379 1053 finxeruntu.

210 1083 363 1148 Ceterum
393 1085 433 1148 (16
461 1083 544 1149 16616
568 1086 601 1148 16
632 1084 751 1170 quibus
777 1083 951 1168 Gorgones
976 1073 1230 1165 collocabantur,
1266 1083 1381 1147 videas

210 1214 293 1277 quae
317 1191 465 1255 Roscher
489 1201 521 1256 et
545 1190 705 1278 Tuernpel
728 1190 970 1277 protulerunt2l.

299 1335 368 1400 lam
391 1357 469 1398 vero
495 1336 614 1421 optime
639 1358 713 1400 cum
738 1334 801 1399 illis
827 1357 910 1421 quae
935 1335 976 1398 (16
1010 1335 1222 1420 Gorgonibus
1246 1337 1279 1398 in
1303 1356 1380 1398 orco

209 1445 348 1506 versatis
373 1443 525 1524 diximus
553 1442 727 1507 convenire
752 1443 881 1507 videtur
903 1441 1089 1507 coniectura
1106 1465 1202 1528 quam
1220 1442 1380 1507 Knatzius

211 1572 253 1613 ex
276 1551 372 1614 artis
397 1550 595 1636 quibusdam
620 1552 882 1614 monumentis
906 1550 995 1614 feeit.

298 1677 337 1740 In
361 1675 565 1762 sarcophago
591 1675 711 1762 Cyprio
743 1699 845 1762 supra
879 1677 1044 1763 descripto
1080 1676 1134 1762 (cf.
1159 1699 1189 1762 p.
1215 1674 1268 1761 20)
1297 1676 1381 1738 inter

209 1784 381 1847 Medusam
406 1806 538 1847 caesam
563 1794 595 1848 et
618 1784 775 1848 Perseum
805 1783 1030 1848 discedentem
1060 1785 1151 1848 oanis
1180 1805 1245 1848 uno
1274 1784 1380 1869 capite

209 1890 377 1975 praeditus
402 1890 505 1955 sedet.
553 1890 660 1971 Quem
677 1889 823 1955 Anubim
844 1891 1065 1976 significarc3)
1089 1891 1264 1955 refutatum
1289 1888 1381 1976 6614).

208 1998 324 2084 Neque
348 1997 391 2063 illi
418 2000 491 2064 cani
515 2000 581 2062 vim
618 1996 837 2084 sepulcralem
869 2001 981 2063 inesse
1011 1998 1259 2063 concedendurn
1288 2000 1380 2080 6615),

209 2128 286 2169 cum
307 2103 420 2170 fabula
444 2106 515 2193 ipsa
539 2107 571 2169 in
596 2105 802 2192 sarcophago
827 2128 988 2192 expressa
1011 2105 1132 2173 nullam
1150 2128 1265 2170 ansam
1289 2128 1381 2192 prae·

209 2213 293 2276 beat.
339 2213 500 2277 Knatzius
529 2223 637 2276 autem
662 2236 778 2277 canem
801 2212 893 2277 illum
918 2212 1098 2278 Cerberum
1123 2237 1199 2278 esse
1224 2211 1379 2297 causati),

211 2321 318 2400 Quem
343 2319 484 2384 eundem
509 2322 607 2383 etiam
630 2321 663 2383 in
688 2319 874 2407 anaglypho
899 2320 990 2384 heroi
1021 2321 1160 2407 Trysaei
1185 2342 1381 2406 expressum

210 2450 285 2491 esse
309 2436 406 2513 putat.
453 2427 519 2492 Ubi
547 2428 689 2491 Perseus
720 2451 819 2493 manu
849 2431 907 2492 sin.
931 2428 1090 2494 Medusae
1115 2437 1213 2514 caput
1246 2438 1380 2513 portans

210 2536 338 2619 magnis
371 2536 528 2621 gradibus
565 2536 606 2601 ad
642 2538 703 2601 sin.
740 2537 832 2623 fugit.
897 2538 982 2602 Ante
1019 2559 1094 2602 eum
1129 2535 1291 2622 quaedam
1326 2556 1380 2598 res

211 2634 326 2729 saxum
339 2643 392 2706 vel
406 2643 521 2709 collem
535 2646 724 2730 significans
742 2655 860 2727 exstat,
878 2656 952 2709 ante
966 2668 1063 2731 quarn
1085 2645 1176 2708 oanis
1193 2666 1257 2707 uno
1275 2641 1380 2728 capite

209 2751 388 2814 instructus
416 2754 617 2837 prominetq.
657 2752 707 2817 Ac
724 2752 886 2817 Knatzius
911 2753 951 2817 de
975 2751 1040 2817 illis
1065 2774 1147 2838 quos
1173 2773 1273 2837 supra
1297 2760 1378 2813 attu-

209 2856 308 2922 limus
340 2856 422 2922 locis
451 2857 615 2942 admonet,
652 2863 707 2946 qui
737 2858 911 2945 Gorgones
940 2862 972 2924 in
1008 2881 1084 2924 oreo
1119 2868 1267 2922 versatas
1304 2880 1379 2921 6666

210 2965 405 3029 documento
431 2976 515 3028 sunt.
597 2988 601 2995 ’

297 3092 342 3155 At
381 3093 508 3155 etiamsi
538 3091 703 3156 Cerberus
733 3116 968 3178 nonnunquam
1002 3115 1067 3157 uno
1103 3094 1210 3178 capite
1245 3092 1378 3157 indutus

209 3208 259 3261 661
282 3209 315 3262 61
338 3201 456 3263 ceteris
481 3199 600 3285 quibus
624 3201 774 3286 insigniri
799 3200 891 3283 solet,
927 3200 1029 3264 rebus
1054 3211 1153 3283 caret,
1178 3211 1288 3265 166166
1311 3223 1377 3265 ma-

208 3307 295 3369 xime
320 3309 436 3371 mirum
463 3318 552 3371 66661
574 3309 608 3371 16
631 3309 704 3394 ipso
728 3318 866 3395 utroque
882 3307 938 3373 illo
954 3317 1166 3372 monumento
1183 3307 1286 3372 altero
1304 3330 1377 3371 cum

208 3412 309 3477 altero
338 3412 418 3477 nihil
447 3437 573 3479 conexo
609 3438 716 3480 raram
746 3416 883 3481 Cerberi
907 3418 1052 3502 speciem
1078 3416 1256 3480 exhibitam
1291 3438 1377 3479 6666.

207 3521 321 3606 Neque
352 3544 467 3586 canem
495 3521 604 3587 locum
634 3523 745 3588 caedis
771 3522 966 3608 Gorgoneas
996 3523 1183 3609 significare
1211 3535 1289 3610 puto
1319 3522 1378 3587 sed

208 3630 358 3693 comitem
383 3652 468 3711 esse,
494 3631 604 3716 quiin
629 3629 740 3695 fabula
764 3630 904 3716 quadam
928 3630 1024 3695 nobis
1041 3654 1104 3696 non
1122 3631 1239 3696 tradita
1255 3632 1377 3695 Perseo

297 3916 316 3979 ¹)
335 3932 363 3968 r.
381 3914 577 3984 Wilamowitz‚
596 3915 719 3970 Heraol.²
738 3915 765 3969 II
783 3935 809 3985 p.
829 3915 874 3969 99.

296 4004 315 4071 ²)
336 4003 485 4072 Gorgones
504 4006 562 4060 und
575 4006 766 4075 Verwandtes‚
780 4025 806 4075 p.
826 4007 861 4059 ‘27
881 4025 927 4075 sq;
941 4039 968 4047 -
985 4006 1376 4077 Aethiopenlaender,Fleel1·

205 4092 296 4147 eissns
314 4093 508 4148 Jahrbuceher
527 4094 621 4165 Suppl.
641 4094 709 4149 XVI
728 4113 756 4164 p.
777 4095 829 4149 160
848 4115 888 4164 sq.

296 4183 318 4245 ³)
336 4181 380 4235 Sic
400 4182 535 4237 Ceccaldi.
556 4184 675 4238 Monam.
696 4188 753 4238 ant.
774 4186 808 4238 de
829 4185 939 4255 Chypre
958 4206 986 4255 p.
1006 4187 1047 4241 71.

296 4273 316 4337 ⁴)
335 4271 569 4342 Ferret-Chipiea‚
590 4273 662 4326 Hisl.
684 4275 718 4326 de
736 4273 801 4328 l'art
820 4274 863 4327 Ill
881 4294 909 4344 p.
929 4276 989 4329 616.

294 4361 315 4426 ⁵)
335 4360 380 4415 Sic
399 4361 525 4425 Ossnola,
545 4361 652 4432 Cyprus
671 4382 697 4432 p.
719 4363 778 4417 113.

294 4451 315 4515 ⁶¹)
334 4451 352 4504 l.
373 4468 395 4505 e.
414 4471 442 4522 p.
461 4451 551 4522 61162.

294 4543 313 4607 ⁷)
332 4541 485 4607 Banndorf,
505 4543 554 4598 das
577 4543 688 4598 Heroon
708 4562 763 4599 von
785 4545 1074 4618 Gjoelbaschi-Trysa
1094 4547 1156 4603 Tar.
1177 4548 1218 4616 19,
1237 4547 1263 4602 9,
