3334 5042
1862 167 1933 233 4'8

959 355 1073 417 Pro
1127 353 1327 433 capite
1387 355 1578 414 reciso
1639 354 1897 412 artifices
1966 351 2148 412 ionici
2204 362 2268 411 et
2325 349 2429 430 qui
2485 372 2595 411 eos
2652 347 2849 411 secuti
2930 355 3121 410 sunt

759 460 1068 519 interdum
1111 457 1412 516 Medusae
1460 457 1770 513 dederunt
1814 465 2006 530 caput¹
2042 455 2329 530 equinum
2386 450 2468 531 (K
2512 457 2571 522 4,
2620 449 2705 532 5),
2758 471 2892 528 quo
2959 453 3117 527 sig-

759 554 1106 623 nificaretur
1151 559 1416 636 Pegasus
1472 567 1673 618 natuS.
1764 557 1915 615 Tale
1969 565 2432 615 monumentum
2498 563 2643 614 ante
2694 555 2923 613 oculos
2978 554 3114 611 ha-

767 664 972 723 buisse
1018 663 1252 720 videtur
1292 659 1440 719 HeS.
1487 659 1729 733 Theog.
1778 677 1868 718 vv.
1923 659 2045 719 280
2066 676 2113 719 s,

931 798 938 807 -
1023 764 1140 838 τῆς
1184 757 1234 822 δ’
1285 757 1395 822 ὅτε
1441 757 1518 835 δὴ
1568 757 1871 835 Περσεὺς
1915 756 2205 835 κεφαλὴν
2250 754 2799 834 ἀπεδειροτόμησε

990 861 1240 938 ἔκθορε
1283 857 1600 938 Χρυσάωρ
1643 877 1715 922 τε
1759 858 1958 936 μέγας
2003 859 2107 921 καὶ
2155 857 2475 936 Πήγασος
2517 856 2734 935 ἵππος.

959 965 1117 1023 Nam
1160 966 1340 1022 aliam
1378 980 1626 1039 quoque
1672 961 1915 1020 fabulae
1961 962 2217 1020 formam
2254 962 2584 1032 exstitisse,
2627 980 2751 1038 qua
2782 963 3093 1037 Pegasus

757 1085 885 1126 non
938 1085 974 1125 e
1039 1067 1194 1124 00110
1239 1065 1537 1123 Medusae
1609 1064 1921 1140 prodierit,
1990 1065 2105 1121 sed
2157 1063 2275 1120 alio
2329 1064 2599 1138 quodam
2649 1065 2839 1122 modo
2892 1071 3090 1121 ortus

759 1169 854 1246 sit,
921 1167 1211 1243 probatur
1275 1174 1522 1241 metopa
1587 1166 1923 1224 Selinuntia
1984 1166 2015 1225 Ι
2074 1167 2127 1242 1,
2195 1165 2299 1222 ubi
2351 1164 2617 1241 Pegasus
2682 1166 2804 1223 iam
2876 1166 3089 1225 adest

760 1271 1110 1347 priusquam
1153 1267 1456 1325 Medusae
1502 1275 1685 1343 caput
1745 1268 2002 1325 recisum
2059 1275 2151 1325 est
2177 1262 2215 1326 1.
2305 1267 2510 1341 Atque
2566 1284 2604 1322 a
2644 1266 2901 1324 Ionibus
2975 1268 3081 1323 in-

761 1362 1009 1428 ventam
1055 1388 1191 1429 esse
1241 1369 1570 1428 Medusam
1615 1370 1818 1443 capite
1865 1369 2091 1443 equino
2136 1369 2481 1443 praeditam
2530 1376 2788 1444 apparet
2831 1369 2933 1426 vel
2993 1387 3079 1425 ex

764 1489 908 1530 vase
952 1472 1011 1529 K
1055 1475 1114 1544 4,
1178 1473 1347 1547 quod
1390 1471 1527 1528 licet
1570 1470 1828 1528 Athenis
1873 1470 2101 1528 sactum
2128 1470 2248 1537 sit,
2309 1478 2376 1526 ut
2420 1470 2874 1547 Furtwaengler
2917 1488 3077 1528 con-

766 1574 983 1649 tendit,
1033 1580 1203 1631 certe
1248 1572 1457 1648 resipit
1497 1581 1688 1630 artem
1734 1572 1996 1630 ionicam
2016 1567 2060 1647 2,
2108 1571 2200 1626 vel
2248 1571 2393 1628 inde
2440 1574 2607 1647 quod
2636 1582 2860 1648 postea
2892 1573 3075 1648 apud

767 1675 931 1733 solos
973 1674 1153 1734 Iones
1197 1683 1262 1731 et
1306 1674 1409 1749 qui
1455 1673 1588 1730 illos
1633 1672 1850 1731 imitati
1880 1681 2021 1730 sunt
2048 1671 2342 1730 Etruscos
2374 1672 2757 1731 inveniuntur
2786 1675 3070 1747 Pegasus

766 1785 838 1856 et*
871 1774 1172 1852 Chrysaor
1226 1792 1262 1832 e
1308 1774 1610 1833 Medusae
1676 1774 1833 1831 collo
1899 1791 2023 1831 una
2082 1775 2461 1849 prodeuntes
2527 1771 2615 1845 (K
2664 1774 2762 1849 28,
2822 1773 2932 1846 24)
3002 1784 3068 1832 et

769 1876 1071 1952 Chrysaor
1118 1879 1281 1936 solus
1321 1871 1412 1953 (K
1459 1877 1583 1950 30).

918 2009 942 2022 ··
961 1979 1289 2036 Medusam
1319 1977 1490 2035 cuius
1523 1996 1558 2034 e
1590 1977 1744 2035 collo
1776 1984 1959 2052 caput
1987 1977 2278 2053 equinum
2306 1976 2577 2051 emergit,
2626 1978 2707 2034 ad
2744 1978 3062 2052 exemplar

769 2081 1026 2138 deorum
1093 2079 1477 2137 orientalium
1541 2078 1838 2153 capitibus
1906 2077 2109 2135 ferinis
2171 2077 2589 2153 praeditorum
2654 2077 2855 2136 fictam
2919 2096 3058 2136 esse

771 2190 1048 2258 apparet3
1096 2180 1367 2239 ostendit
1411 2188 1615 2237 autem
1643 2177 2045 2236 Milchhoefer
2067 2174 2092 2215 3
2135 2179 2338 2253 capita
2382 2179 2605 2254 equina
2650 2180 3052 2238 daemonibus

765 2283 979 2341 addita
1020 2283 1187 2358 apud
1233 2281 1398 2339 solos
1445 2280 1718 2339 Graecos
1763 2281 2029 2340 inveniri.
2120 2280 2291 2338 Idem
2335 2281 2421 2337 vir
2460 2281 2849 2339 doctissimus
2904 2299 3051 2339 con-

766 2384 909 2442 iecit
956 2385 994 2442 l.
1040 2401 1092 2445 c.
1137 2401 1195 2458 p.
1242 2385 1321 2444 62
1376 2383 1639 2459 pictores
1698 2401 1837 2440 cum
1882 2382 2180 2441 Medusae
2238 2383 2455 2439 darent
2511 2390 2696 2456 caput
2741 2383 3047 2460 equinum,

765 2485 1099 2544 restituisse
1142 2486 1318 2563 quasi
1361 2485 1719 2561 primitivam
1771 2484 1918 2542 illius
1978 2484 2262 2553 formam;
2326 2483 2651 2542 Medusam
2710 2484 2870 2541 enim
2924 2502 3045 2542 non

765 2587 961 2646 minus
1007 2605 1192 2664 quam
1236 2588 1412 2644 aliam
1442 2585 1713 2661 Neptuni
1766 2586 2043 2662 amicam,
2090 2583 2373 2642 Cererem
2405 2584 2846 2660 Phigalensem‚
2892 2603 3041 2660 quae

770 2698 1022 2749 vocatur
1066 2685 1332 2763 μέλαινα
1356 2685 1402 2756 4,
1449 2688 1784 2763 antiquitus
1830 2688 2123 2748 habuisse
2172 2695 2357 2764 caput
2400 2688 2705 2763 equinum.

961 2791 1200 2849 Eadem
1266 2789 1395 2848 fere
1451 2797 1654 2849 aetate
1714 2798 1898 2865 atque
1944 2790 2201 2848 Perseus
2247 2806 2284 2845 a
2330 2788 2719 2864 Gorgonibus
2790 2788 3037 2862 agitatus

765 2891 1079 2949 Medusa
1142 2909 1179 2948 a
1236 2890 1504 2949 Perseo
1570 2892 1823 2950 occisa
1895 2899 2009 2966 est,
2080 2909 2241 2967 quae
2306 2891 2690 2966 compositiO,
2756 2909 2886 2948 cum
2945 2891 3038 2948 illa

764 2993 959 3069 magis
1003 2993 1089 3052 ad
1127 2992 1379 3068 zophori
1442 2991 1699 3049 formam
1748 2993 2095 3068 quadraret,
2168 2994 2249 3050 ad
2311 3000 2624 3067 metopam
2690 2992 3033 3068 explendam

965 3239 987 3279 1
1026 3244 1092 3298 cf.
1130 3242 1267 3295 infra
1302 3259 1354 3310 p.
1391 3241 1480 3296 49.

959 3329 986 3368 2
1010 3335 1170 3400 -Opus
1219 3333 1333 3384 vasi
1367 3333 1430 3383 K
1465 3330 1502 3385 4
1548 3332 1871 3384 simillimum
1917 3333 2144 3386 imitatus
2196 3343 2278 3387 est
2314 3338 2405 3403 qui
2441 3337 2503 3386 K
2540 3334 2574 3389 5
2613 3333 2797 3402 pinxit.
2868 3332 3028 3385 Persei

765 3421 929 3489 figura
964 3431 1041 3474 est
1075 3425 1252 3475 eadem
1288 3432 1445 3490 atque
1483 3424 1537 3473 in
1575 3426 1634 3474 K
1657 3423 1709 3484 4,
1749 3425 1853 3474 nisi
1890 3425 2034 3489 quod
2074 3404 2221 3476 deest
2258 3426 2466 3489 gladius
2508 3433 2559 3476 et
2597 3426 2767 3476 minus
2813 3431 3023 3474 accurate

766 3515 936 3580 pictae
961 3521 1081 3564 sunt
1100 3514 1282 3563 cibisis
1309 3520 1362 3562 et
1386 3511 1561 3580 pellis,
1603 3514 2084 3564 Animadvertimus
2111 3515 2331 3581 aliquod
2357 3517 2616 3582 aequandi
2639 3523 2690 3565 et
2714 3514 3021 3564 contrahendi

767 3600 997 3652 studium
1047 3617 1111 3651 ex
1152 3601 1398 3651 inferiore
1434 3601 1649 3667 pictoris
1689 3610 1797 3652 arte
1832 3610 2028 3655 natum.
2104 3604 2389 3654 Mercurius
2426 3604 2585 3670 plane
2620 3603 2921 3654 assimilatus
2953 3609 3019 3652 est

766 3692 987 3756 Perse0;
1043 3691 1319 3755 Gorgones
1359 3691 1550 3740 eodem
1588 3693 1749 3741 modo
1788 3693 1996 3743 brachia
2032 3701 2249 3744 movent
2287 3710 2346 3743 ac
2383 3696 2604 3744 Perseus
2648 3700 2699 3742 et
2735 3691 3017 3758 Mercurius3

765 3792 859 3843 pro
897 3778 1163 3843 quaternis
1200 3777 1298 3827 alis
1336 3778 1619 3828 instructae
1657 3786 1777 3829 sunt
1812 3780 1945 3830 binis
1986 3782 2165 3846 eisque
2202 3782 2433 3842 adunciS,
2474 3797 2608 3848 quae
2648 3787 2831 3835 tamen,
2853 3797 2904 3829 ex
2931 3779 3014 3828 alis

767 3867 985 3916 aduncis
1030 3873 1186 3933 atque
1223 3867 1466 3917 reduncis
1513 3869 1837 3918 concrevisse
1888 3871 2145 3928 videntur,
2218 3872 2281 3920 In
2318 3871 2583 3937 pingenda
2618 3870 2845 3919 Medusa
2876 3871 3016 3934 pictor

766 3954 1069 4020 compilavit
1103 3955 1376 4005 Medusam
1415 3963 1705 4006 currentem
1760 3958 1931 4023 capite
1988 3959 2179 4023 equino
2230 3960 2520 4025 praeditam
2568 3959 2705 4008 vasis
2755 3957 2816 4006 K
2852 3956 2877 4008 4
2916 3972 3009 4005 cum

763 4043 990 4093 Medusa
1026 4044 1404 4109 procumbente
1440 4045 1589 4094 cuius
1629 4061 1658 4093 e
1697 4045 1842 4096 collo
1882 4047 2093 4110 sanguis
2131 4048 2341 4113 profluit
2378 4047 2516 4097 vasis
2555 4049 2615 4095 K
2652 4044 2702 4097 2.

966 4129 989 4167 3
1023 4133 1269 4197 Anffinge
1305 4135 1400 4184 der
1438 4135 1620 4211 Kunst
1652 4135 1710 4187 in
1747 4136 2133 4187 Griechenland
2170 4154 2222 4204 p.
2262 4137 2347 4190 55.

965 4219 988 4257 4
1025 4227 1178 4276 Paus,
1218 4225 1350 4275 VIII
1385 4222 1472 4291 42,
1512 4224 1560 4276 3.
