3334 5042
794 396 798 405 Ὺ
903 330 939 386 50

349 507 496 584 amphora
517 507 704 566 corinthiaco
720 509 778 581 Ql
796 509 941 567 Perseum
956 510 1094 568 videmus
1116 529 1184 569 cum
1205 520 1342 570 monstro
1366 513 1491 581 marino,

349 610 397 668 cui
418 609 659 668 Andromeda
681 610 859 668 devoranda
881 612 1022 687 exposita
1044 621 1102 684 est,
1129 622 1319 687 pugnantem
1343 614 1491 691 lapidibus

351 710 553 787 coniciendis3
586 711 669 768 unde
698 710 879 786 primitivam
900 713 976 771 illius
999 712 1120 771 fabulae
1143 713 1270 771 formam
1295 733 1351 774 nos
1374 717 1492 775 discere

349 829 441 888 supra
461 813 638 873 monstravi.

388 986 390 991 ι
447 912 575 972 Perseus
598 914 887 990 Polydectem
913 916 1044 990 puniens
1071 917 1132 974 iam
1159 926 1233 975 ante
1262 918 1369 975 oculos
1400 916 1492 975 fuisse

347 1015 469 1074 videtur
490 1015 600 1090 pictori
622 1016 701 1074 vasis
722 1014 751 1072 N
775 1020 802 1084 1,
833 1016 885 1091 qui
915 1026 1018 1074 tamen
1047 1018 1126 1076 male
1155 1017 1300 1077 intellexit
1331 1036 1393 1075 rem
1415 1027 1493 1076 trac·

347 1118 484 1177 tendam.
528 1115 633 1174 Persei
657 1125 690 1174 et
710 1117 853 1175 Mercurii
880 1118 1026 1176 attributa
1055 1119 1133 1177 inter
1162 1138 1194 1178 se
1224 1118 1353 1177 confusa
1385 1127 1455 1177 sunt
1469 1113 1491 1187 ¹,

346 1221 439 1279 etiam
461 1238 479 1276 a
503 1218 698 1294 Gorgonibus
721 1217 849 1276 Perseus
871 1228 1027 1278 mutuatus
1050 1230 1096 1278 est
1118 1221 1182 1279 alas
1204 1221 1363 1279 umerales.
1399 1221 1490 1295 Apud

348 1331 477 1381 ceteros⁴
492 1320 623 1378 artifices
638 1337 766 1395 graecos
782 1320 911 1378 Perseus
932 1320 984 1378 tali
999 1323 1103 1379 modo
1118 1321 1217 1379 alatus
1232 1340 1302 1387 ‘non
1322 1322 1489 1390 invenitur;

346 1424 402 1480 soll
423 1423 542 1481 Etrusci
565 1422 679 1480 alarum
700 1422 820 1497 prodigi
838 1440 907 1479 eum
930 1423 1038 1480 talibus
1062 1423 1118 1481 alis
1141 1422 1345 1482 instruxerunt
1368 1424 1398 1480 in
1421 1441 1489 1499 spe·

345 1525 416 1583 culo
439 1524 469 1581 K
492 1525 540 1583 26.¹

446 1627 588 1685 Exeunte
619 1626 773 1701 nigrarum
801 1626 965 1701 figurarum
993 1635 1059 1683 arte
1088 1634 1188 1684 ortum
1210 1636 1256 1684 est
1280 1644 1333 1684 vas
1356 1626 1493 1684 animad-

346 1729 486 1787 versione
509 1729 634 1811 dignum
657 1725 685 1784 N
708 1730 736 1795 2,
759 1725 844 1784 cuius
865 1725 938 1782 nihil
962 1725 1019 1783 nisi
1035 1726 1238 1803 fragmentum
1254 1738 1409 1786 servatum
1423 1745 1492 1785 esse

346 1833 495 1891 dolemus.

446 1933 594 1991 Seritam
616 1929 737 1988 fabulae
759 1946 903 1988 scaenam
925 1929 987 1987 iam
1010 1929 1107 2005 figulis
1129 1931 1221 2005 nigris
1244 1931 1344 2007 liguris
1365 1932 1493 2007 pingen-

345 2036 425 2094 tibus
447 2041 553 2093 notam
574 2032 666 2090 fuisse
689 2030 896 2089 Kretschmeri
917 2032 1070 2106 sagacitas
1093 2050 1190 2108 nuper
1211 2051 1268 2091 nos
1290 2035 1405 2102 docuit,
1440 2034 1492 2109 qni

346 2137 378 2193 in
399 2137 516 2212 pictura
540 2134 652 2193 vasculi
675 2150 693 2189 a
714 2131 819 2191 Wittio
840 2133 922 2191 edita
945 2131 1006 2192 01
1031 2134 1155 2207 agnovit
1177 2133 1322 2192 Perseum
1345 2145 1376 2193 et
1397 2135 1492 2194 Mae-

347 2239 477 2296 nadas.
508 2236 614 2315 Altera
628 2234 765 2293 eiusdem
778 2234 898 2310 generis
920 2234 1039 2309 pictura
1060 2235 1150 2311 priori
1173 2236 1323 2294 simillima
1345 2237 1493 2313 reperitur

348 2340 379 2397 in
396 2357 466 2398 vase
474 2334 759 2411 WuerzburgensiO
773 2338 802 2413 2,
817 2337 938 2395 tertiam
952 2335 1127 2395 ioescbcke
1143 2337 1217 2395 vidit
1231 2339 1313 2414 apud
1325 2338 1494 2414 principem

348 2543 431 2600 ribus
445 2540 568 2617 mythus
582 2539 633 2598 ille
653 2540 741 2597 fuerit
761 2558 853 2615 quern
869 2571 908 2580 -
923 2548 957 2598 ut
974 2541 1111 2599 omittam
1126 2557 1220 2598 uuum
1235 2542 1391 2616 vestigium
1406 2545 1493 2618 apud

347 2636 554 2702 Pausaniam8
575 2650 700 2699 exstans
728 2672 766 2680 —
796 2640 900 2699 infima
922 2641 1046 2698 demum
1068 2641 1233 2715 antiquitas
1255 2641 1344 2699 nobis
1366 2622 1494 2701 tradidit

347 2746 482 2803 versibus
505 2742 609 2802 Nonni
631 2739 880 2817 Panopolitani4.

445 2847 575 2904 Ineunte
601 2844 724 2902 saeculo
754 2844 861 2919 quinto
891 2852 922 2900 et
947 2844 1104 2901 rubrarum
1127 2843 1287 2920 figurarum
1310 2851 1376 2901 arte
1397 2843 1491 2919 plane

346 2956 548 3006 commutatur
569 2946 671 3004 fabula
692 2944 730 3002 ab
747 2945 910 3003 artificibus
925 2953 1061 3003 tractata.
1105 2944 1244 3002 Scaenae
1259 2944 1490 3020 antiquissimae

345 3049 402 3105 arti
423 3049 556 3106 dilectae
579 3047 780 3120 emoriuntu13
808 3047 855 3102 vix
877 3048 938 3103 iam
963 3046 1132 3103 invenimus
1155 3045 1299 3104 Perseum
1322 3045 1492 3121 fugientem

345 3159 398 3207 aut
427 3149 605 3224 Gorgonem
636 3155 845 3223 persecutam3
881 3156 989 3206 contra
1020 3156 1181 3223 emergunt
1212 3165 1312 3206 novae
1341 3157 1431 3222 atque
1459 3146 1492 3204 in

344 3249 448 3324 primis
470 3267 529 3307 eae
551 3266 631 3324 quae
655 3250 696 3307 ad
718 3248 851 3307 animum
872 3249 1058 3309 movendum
1082 3249 1178 3323 magis
1208 3250 1342 3307 idoneae
1363 3248 1493 3305 videan-

344 3359 398 3410 tur,
451 3351 556 3409 Artem
588 3351 707 3426 epicam
741 3360 774 3408 ut
806 3352 850 3409 ita
885 3351 985 3409 dicam
1016 3358 1184 3425 sequuntur
1217 3361 1297 3408 artes
1330 3351 1423 3424 lyrica
1458 3357 1492 3407 et

344 3452 496 3513 scaenica.

443 3552 515 3611 Hoc
526 3554 595 3611 loco
607 3554 736 3629 primum
749 3555 880 3612 occurrit
891 3553 1040 3612 Danaes
1056 3552 1167 3621 fabula,
1183 3553 1269 3611 cuius
1285 3561 1345 3611 tres
1361 3568 1491 3609 scaenas

344 3662 547 3712 tractaverunt
577 3656 649 3713 artis
676 3673 800 3714 severae
834 3672 974 3713 vasorum
1006 3655 1153 3729 pictores:
1195 3653 1326 3711 Danaen
1357 3652 1488 3710 imbrem

236 3824 239 3831 ι
343 3773 468 3813 aureum
491 3756 703 3834 excipientem,
724 3774 796 3816 arca
817 3757 1044 3825 includendam,
1071 3757 1113 3814 ad
1134 3754 1251 3829 Seriphi
1274 3770 1358 3813 oram
1380 3753 1489 3828 appul-

342 3873 416 3917 sam.
461 3857 546 3915 Vasa
568 3858 616 3916 illa
642 3857 842 3933 pulcherrima
864 3858 931 3917 Al
966 3852 1003 3935 (B
1028 3852 1068 3934 1),
1100 3857 1125 3914 B
1150 3858 1177 3926 2,
1208 3855 1233 3914 C
1257 3861 1272 3916 1
1299 3863 1331 3912 et
1361 3863 1426 3912 arte
1457 3862 1490 3911 et

440 4107 451 4145 ¹
469 4112 581 4160 Perseus
601 4110 745 4159 caduceum
764 4109 792 4158 in
810 4108 934 4173 amphora
953 4122 1057 4174 qnoque
1077 4114 1177 4157 etrusca
1196 4107 1225 4156 K
1244 4104 1279 4158 24
1297 4105 1372 4168 gerit.

439 4196 510 4252 ‘alet
529 4199 596 4247 inira
613 4215 640 4265 p.
660 4197 707 4261 63..

440 4284 451 4322 ³
469 4289 497 4337 11
515 4287 557 4353 20,
576 4286 602 4340 4.

441 4372 454 4411 ⁴
472 4377 575 4443 Dionys
604 4375 647 4435 lt,
667 4374 718 4426 446
731 4391 764 4427 ss,
