3334 5042
644 471 851 539 ..45-

163 666 213 749 (A.
236 665 296 754 ἀ.);
322 665 627 756 Διορῆδειαςάνάγνεγε
652 665 803 752 canopeia.
827 662 984 754 Κλέαρχος
995 663 1049 752 μέν
1068 687 1142 753 φησι
1163 665 1260 729 aad
1282 711 1290 728 .
1314 714 1322 740 ,

162 772 238 838 dd&
260 774 312 861 τὴν
328 774 437 861 μιιφὰν
460 773 565 838 Ἰλιάδα
595 824 602 838 .
630 821 638 836 .
665 819 673 836 .
702 771 779 861 φησί
802 772 850 836 ἐπὶ
874 775 928 859 τῆς
947 775 999 836 τοῦ
1024 769 1196 836 Παλλαδίου
1218 772 1329 859 κλοπῆς

135 878 433 1072 ‘wadii-quibus
446 986 549 1052 verbis
564 987 626 1052 hoe
649 985 765 1051 saltem
788 986 931 1072 intellegi
954 988 1072 1069 potest,
1097 990 1170 1069 post
1183 983 1325 1050 Clearchi

5 1100 24 1132 ·’
53 1092 65 1105 ’
144 1094 460 1180 'interpretationem
492 1095 627 1159 alteram
664 1093 837 1158 indicatam
870 1113 948 1171 esse,
981 1093 1072 1177 cujus
1105 1097 1216 1158 auctor
1249 1092 1325 1157 item

163 1202 404 1267 nominabatur:
421 1198 504 1286 ὁιὴν
510 1197 621 1285 ραιρὰν
633 1195 744 1262 Ἰλιάδα
754 1192 953 1287 (γράψας),
978 1196 1182 1274 Quinautem
1193 1220 1325 1283 sequen·

162 1307 249 1373 tibus
272 1306 377 1372 verbis
399 1306 455 1372 illa
477 1307 617 1371 narratio
639 1306 837 1392 significetur
860 1326 942 1390 quae
963 1305 1050 1389 apud
1070 1303 1213 1384 Suidam,
1239 1306 1325 1390 Apo·

162 1414 300 1491 stolium,
325 1412 530 1478 Eustathium
552 1413 661 1477 eodem
676 1412 772 1478 modo
793 1433 866 1477 cum
881 1410 1024 1477 Clearchi
1039 1413 1211 1497 conjuncta
1225 1411 1326 1477 reler-

163 1524 227 1598 tnr,
260 1518 339 1583 mihi
365 1518 494 1605 quidem
521 1519 605 1584 haud
632 1518 764 1587 dubium
791 1524 848 1583 est.
895 1517 1006 1582 Fluxit
1030 1518 1129 1601 igitur
1152 1520 1326 1602 paroemio-
1424 1519 1456 1551 ²

163 1624 356 1711 graphorum
379 1626 520 1689 namatio
543 1645 583 1690 ex
606 1624 706 1692 Iliade
728 1645 838 1711 parva.
898 1628 900 1633 ⁴

251 1731 285 1796 Si
318 1752 405 1797 nunc
437 1730 479 1796 ad
513 1729 675 1797 Cononem
709 1732 861 1809 redimus,
897 1735 1019 1795 tantam
1052 1750 1124 1795 cum
1147 1729 1325 1813 paroemio-

164 1838 358 1923 graphorum
384 1837 557 1902 traditione
585 1837 829 1903 similitudinem
856 1836 988 1921 praebet
1019 1835 1125 1901 media
1157 1857 1232 1920 pars
1259 1835 1326 1920 ejus

163 1945 361 2022 narrationis¹
386 1948 424 2008 ut
445 1943 587 2008 dubitari
609 1945 663 2008 vix
697 1945 796 2028 possit
830 1944 908 2028 quin
942 1943 1065 2027 etipse
1092 1941 1128 2007 in
1149 1941 1213 2007 hac
1233 1947 1326 2026 parte

163 2052 204 2115 ab
219 2048 435 2135 Iliadelparva
450 2050 595 2133 pendeat.
634 2049 704 2127 Qua
726 2072 761 2116 rc
780 2049 882 2116 fretus
902 2054 994 2135 putet
1014 2049 1149 2115 fortasse
1168 2049 1326 2133 quispiam
1474 2077 1477 2085 ·

163 2161 265 2222 totam
288 2156 425 2222 Cononis
447 2157 665 2222 narrationem
687 2156 730 2222 ad
752 2155 889 2222 Lesehae
912 2156 1008 2221 fidem
1030 2157 1137 2222 fictam
1159 2178 1237 2222 esse.

254 2263 404 2328 Attamen
427 2263 564 2329 fortasse
580 2263 698 2329 rectius
720 2263 759 2328 de
773 2264 899 2328 ratione
918 2263 1132 2348 judicabimus
1149 2283 1231 2346 quae
1242 2265 1327 2327 inter

163 2367 298 2435 Iliadem
336 2389 468 2454 parvam
497 2374 530 2434 et
554 2369 714 2436 Cononem
736 2370 906 2434 intercedit
928 2375 1098 2454 postquam
1131 2373 1229 2437 etiam
1260 2369 1326 2434 alia

164 2475 319 2559 quaedam
335 2481 495 2541 momenta
517 2478 761 2561 inspexerimus.
808 2476 851 2541 Et
873 2477 1011 2559 primum
1035 2477 1162 2561 quidem
1186 2498 1268 2543 ‚cum
1291 2478 1326 2540 in

163 2582 321 2668 plerisque
350 2583 549 2648 consentiant
575 2584 829 2669 mythographu's
864 2588 896 2647 et
927 2582 1195 2669 paroemiographi
1230 2604 1326 2667 supra

163 2689 295 2768 laudati,
329 2688 420 2754 valde
453 2690 647 2755 abhorrete
672 2694 848 2756 ceterorum
882 2711 1038 2755 consensu
1076 2689 1213 2755 (lonouie
1251 2710 1325 2754 nar·

163 2797 245 2861 ratio
272 2800 425 2862 extrema.
472 2795 576 2862 Multo
605 2797 802 2881 inopinatius
838 2796 920 2860 enirn
955 2817 1006 2860 res
1033 2795 1084 2861 hic
1107 2816 1216 2863 versae
1238 2800 1324 2874 suut,

163 2923 234 2967 cum
263 2901 431 2969 Diomedes
465 2926 527 2969 uon
558 2903 651 2969 modo
680 2902 768 2967 Vlixi
802 2903 867 2967 vim
902 2924 966 2967 nou
1000 2903 1117 2967 inferat
1151 2902 1324 2968 sedetiam

162 3008 229 3091 ipse
251 3008 290 3074 ab
315 3030 354 3076 eo
375 3010 560 3077 verberatus
582 3006 663 3086 sit.¹)

251 3115 321 3180 Etsi
344 3120 453 3183 autem
477 3138 518 3181 ex
540 3115 628 3182 nullo
651 3117 842 3200 scriptorum
864 3116 934 3195 loco
958 3138 1021 3201 quo
1045 3116 1106 3181 hoc
1120 3116 1329 3201 proverbium·

163 3227 429 3288 commemoratur
451 3222 615 3308 dijudicari
631 3225 737 3308 potest
747 3229 855 3289 utrum
875 3225 937 3289 vim
954 3223 1091 3288 activam
1106 3244 1148 3287 an
1164 3225 1324 3307 passivam

162 3349 225 3393 vox
247 3326 422 3416 Διορῆὸειος
441 3330 570 3408 habeat,
605 3335 715 3395 tamen
749 3352 788 3395 ex
815 3329 962 3396 Clearchi
985 3329 1195 3415 explicatione
1227 3350 1324 3416 supra
1401 3342 1404 3349 '

161 3433 260 3500 allata
295 3436 399 3500 elucet
431 3439 554 3502 veteres
587 3437 616 3501 ei
639 3438 704 3501 vim
731 3437 868 3503 activam
901 3438 1056 3503 tribuisse.
1103 3436 1202 3502 Recte
1224 3439 1324 3522 igitur

165 3540 536 3627 eustathius(8aa.17):
573 3538 714 3628 παραριία
737 3591 746 3609 .
770 3589 809 3605 ..
845 3541 893 3606 ἐπὶ
927 3546 987 3607 τῶν
1016 3539 1071 3629 βίᾳ
1106 3541 1323 3631 ἐγχειρούντων

161 3642 262 3732 ἔργοις
291 3648 342 3711 καὶ
370 3646 500 3732 μάλιστα
533 3646 585 3710 ὅτε
619 3668 662 3717 τις
682 3647 774 3723 ἁλοὺς
798 3646 956 3732 ἐπίβουλος
973 3649 1045 3732 βίαν
1068 3649 1177 3738 πάσχῃ
1190 3648 1322 3737 ἐνεργεῖν

162 3773 188 3815 τι
221 3757 282 3817 τῶν
312 3753 357 3841 μὴ
394 3749 547 3840 θελητῶν,
583 3757 698 3838 quibus
733 3757 835 3821 verbis
865 3755 993 3822 Vlixem
1026 3756 1186 3842 designari
1219 3764 1320 3843 patet.

161 3860 383 3945 Antiquiorem
406 3861 506 3945 igitur
527 3858 732 3927 traditionem
754 3864 1024 3947 paroemiographi
1047 3864 1208 3948 praebent.

247 3966 319 4032 Huc
342 3968 463 4033 accedit
478 3968 562 4052 quod
577 3969 929 4063 paroemiographorum
945 3970 1050 4054 potius
1072 3991 1168 4055 quam
1183 3968 1320 4036 Cononis

231 4126 251 4193 ¹)
271 4123 391 4180 Similem
409 4123 509 4179 exitum
527 4124 638 4193 praebet
655 4124 773 4182 Cononis
790 4127 908 4182 narratio
928 4129 968 4183 19.
1006 4127 1057 4183 Est
1069 4126 1141 4198 quod
1153 4127 1189 4183 ab
1201 4125 1319 4182 Hoeferc

158 4211 322 4282 appellatur:
344 4212 403 4278 „die
421 4211 595 4286 ttiologisclre
613 4212 787 4287 Zuspitaaug‚
809 4215 908 4272 welche
930 4215 1017 4272 vieleu
1036 4216 1123 4272 seiuer
1140 4213 1319 4272 Geschichtcu

10 4316 27 4347 a
158 4299 258 4371 eigeu.“
