3334 5042
10 700 22 785 l

657 413 874 520 -ce-

185 658 287 717 stante
303 658 444 728 tenetur;
467 653 502 716 in
526 651 848 736 nonnullisdenique
870 652 903 716 in
926 651 994 715 basi
1018 651 1157 734 positum
1180 649 1345 715 exhibetur

187 763 261 823 ante
291 780 387 844 quam
417 759 494 823 libat
521 759 677 824 sacerdos,
723 759 802 824 Cum
829 766 937 824 autem
965 757 1143 842 catalogum
1165 755 1344 822 Preunerus

182 864 247 947 jam
274 866 396 930 dederit
420 865 668 950 (flectis-Vesta
690 889 720 949 p.
735 865 799 935 326
816 864 927 953 Acin),
954 863 1025 929 illos
1047 870 1173 928 tentum
1196 883 1342 928 nummos

184 971 312 1036 afferam
335 974 390 1057 qui
413 972 528 1056 publici
542 972 625 1056 juris
640 971 717 1037 faeti
739 977 827 1036 sunt:
853 995 884 1036 ιι.
902 970 1016 1048 Juliae,
1041 969 1148 1035 (ichen
1162 969 1182 1035 I
1195 975 1219 1035 t.
1236 967 1342 1034 XVII.

184 1076 352 1158 Hadriani,
386 1078 547 1144 Froebner
574 1078 759 1144 Medaillons
786 1094 879 1144 rom.'
894 1103 924 1163 p.
949 1078 1001 1143 32.
1054 1075 1205 1154 Sabinae,
1236 1074 1342 1141 Gohcn

183 1181 216 1248 ΙΙ
230 1190 253 1249 t.
271 1182 333 1250 VII
348 1208 401 1250 no.
419 1186 470 1263 70,
495 1206 547 1249 no.
562 1185 613 1250 26.
649 1187 803 1250 Antonini
820 1185 879 1265 Pii,
897 1184 972 1251 coh.
990 1182 1039 1247 ΙΙΙ
1053 1189 1077 1249 t.
1094 1183 1134 1248 X.
1161 1182 1341 1262 Faustinae,

183 1289 344 1355 Froehner
367 1315 396 1357 o.
420 1314 447 1358 o.
471 1315 500 1376 p.
526 1291 577 1369 76,
612 1315 642 1375 p.
668 1292 720 1356 77.
766 1292 878 1357 Vranii
901 1291 1065 1368 Antonini,
1095 1289 1202 1356 Cohen
1231 1289 1341 1375 Suppl.

183 1394 257 1481 (Bd.
280 1396 355 1482 Vll)
377 1404 402 1464 t.
425 1398 483 1463 VI.
509 1434 549 1445 -
573 1396 751 1464 Palladium
775 1398 961 1484 plerumque
983 1397 1077 1463 solito
1100 1399 1193 1463 modo
1216 1420 1341 1482 reprae-

181 1509 332 1569 sentatur.
377 1489 584 1570 lacerarunt
598 1509 705 1570 tamen
727 1507 810 1570 inter
832 1507 974 1591 singulos
989 1525 1136 1569 nummos
1159 1504 1342 1569 discrimina

181 1632 246 1674 non
270 1631 378 1694 parva,
402 1634 472 1677 cum
495 1614 529 1677 in
552 1613 660 1677 alteris
676 1612 818 1676 Minerva
832 1612 954 1677 hastam
976 1610 1104 1676 vibrans
1127 1631 1341 1695 magnumque

181 1718 327 1782 incedens
361 1720 570 1802 conspiciatur
598 1717 745 1804 (Froehn.
765 1718 811 1783 M.
837 1718 875 1782 R.
903 1742 933 1804 p.
957 1716 1023 1804 76),
1053 1720 1085 1782 in
1112 1717 1218 1783 alteris
1247 1717 1341 1782 hasta

180 1825 338 1890 innitatur
369 1826 501 1909 pedibus
532 1825 654 1910 junctis
682 1822 803 1908 (Gohen
827 1825 860 1890 II
894 1830 920 1890 t.
943 1824 1011 1889 VH
1032 1847 1084 1890 no.
1107 1825 1159 1903 70,
1194 1845 1246 1890 ιιο.
1271 1824 1338 1908 26),

182 1932 266 2014 quod
291 1932 455 1996 discrimen
489 1938 521 1996 et
548 1933 580 1995 in
609 1932 744 2018 gemmis
767 1952 866 2015 supra
890 1914 1054 2015 descriptis
1078 1932 1223 1996 occurrit.
1271 1930 1340 1996 Neo

182 2039 297 2102 mirum
321 2039 381 2103 hoc
398 2039 534 2124 quidem,
559 2061 630 2103 cum
655 2059 782 2103 sacrum
804 2039 941 2124 signum,
965 2044 1002 2103 ut
1024 2043 1134 2122 postea
1154 2038 1338 2117 videbimus,

183 2144 303 2210 Rornae
326 2146 574 2212 occultissimum
596 2151 768 2211 teneretur.

266 2250 391 2317 Saeculi
413 2253 508 2337 primi
531 2275 657 2338 quoque
680 2259 728 2319 est
750 2253 919 2318 notissima
941 2253 1002 2317 illa

593 2395 643 2460 18.
683 2396 799 2460 Tabula
821 2395 921 2459 Iliaca

508 2517 539 2573 0.
558 2517 637 2580 Jahn,
656 2517 890 2573 Bilderchronikcn
908 2521 926 2571 t.
949 2522 971 2585 l,
990 2519 1007 2571 2

177 2644 211 2706 in
245 2665 309 2728 qua
343 2645 439 2709 etiam
467 2644 600 2710 Palladii
633 2649 743 2728 raptus
777 2644 963 2727 exprimitur
997 2643 1037 2707 ad
1062 2642 1199 2709 [ieschae
1233 2643 1335 2721 fidem,

177 2750 330 2834 siquidem
364 2752 565 2835 inscriptioni
602 2752 683 2817 fides
720 2752 865 2817 habenda
910 2756 966 2816 est.
1028 2750 1132 2815 Ambo
1177 2750 1286 2814 heroes
1319 2773 1336 2814 e

178 2856 315 2940 quadarn
354 2857 436 2920 muri
474 2864 569 2941 porta
604 2859 733 2923 evadere
770 2860 932 2933 videntur3
974 2857 1132 2941 praecedit
1169 2857 1336 2922 Diomedes

178 2960 408 3040 (Ascuam)
447 2965 502 3049 qui
539 2964 638 3030 citato
676 2966 777 3051 gradu
816 2966 1014 3030 dextrorsum
1052 2963 1208 3047 procedit;
1247 2963 1336 3028 laeva

176 3090 270 3133 mauu
299 3076 407 3134 erecta
438 3071 560 3156 aliquid
588 3076 676 3136 tenet
699 3073 783 3157 quod
807 3072 987 3137 Palladium
1015 3092 1082 3136 esse
1110 3071 1237 3135 nomine
1260 3071 1335 3134 sub·

176 3175 293 3258 scripto
335 3173 473 3238 ΠΑΛΑΣ
509 3178 683 3256 indicatur.
758 3178 879 3242 Dextra
928 3178 996 3241 sine
1047 3177 1145 3242 dubio
1191 3176 1334 3261 gladium

174 3286 274 3346 tenet.
301 3318 343 3328 -
371 3282 521 3367 Sequitur
550 3283 657 3348 Vlixes
696 3280 951 3369 (Odfflffib
985 3285 1041 3368 qui
1073 3283 1214 3347 nondum
1248 3286 1335 3357 totus

175 3391 275 3455 evasit
298 3411 315 3454 e
339 3397 431 3474 porta
453 3391 528 3454 satis
550 3389 672 3455 humili.
711 3388 842 3455 Minime
865 3392 962 3475 igitur
985 3391 1114 3455 dubium
1139 3411 1207 3454 esse
1231 3393 1335 3473 potest

175 3519 243 3561 mea
277 3497 405 3581 quidem
438 3497 595 3561 sententia
629 3498 706 3582 quin
738 3503 770 3561 et
802 3497 870 3582 ipse
903 3498 937 3560 in
964 3498 1074 3562 urbem
1107 3496 1333 3581 penetraverit.

174 3603 308 3669 Sinistro
331 3602 481 3669 bracchio
503 3604 667 3687 ingentem
691 3604 827 3688 elipeum
850 3606 969 3688 portat.

367 3817 418 3882 19.
451 3816 666 3904 Aacplyplrum
688 3839 890 3882 marmoreum
912 3815 982 3879 Pal.
1001 3814 1143 3901 Spadcac'

172 3939 269 4007 Braun,
289 3939 322 3994 12
331 3938 476 3994 Basrelieis
488 3941 508 3994 t.
521 3942 546 3993 4.
566 3937 701 3994 Overbeclr
713 3939 800 3994 2423.
819 3938 966 4006 Schreiber,
975 3937 1044 3993 Hell.
1054 3936 1228 3993 Reliefbilder
1246 3940 1263 3992 t.
1277 3938 1333 3994 VH.

172 4067 260 4151 cujus
284 4087 398 4149 magna
425 4086 499 4150 pars
518 4068 697 4167 instaurata
719 4070 769 4131 est
796 4064 873 4146 (vid.
899 4065 1066 4131 Schneiber
1087 4070 1110 4129 t.
1135 4062 1248 4148 Vlla).
1294 4065 1333 4129 In

171 4178 271 4265 parte
288 4173 463 4256 posteriore
485 4192 634 4255 magnum
670 4174 826 4256 templum
861 4173 1095 4238 ornatissimum
1129 4171 1332 4256 conspicitur,

171 4279 258 4364 quod
286 4277 450 4344 Minervae
484 4301 549 4344 esse
576 4299 614 4344 ex
641 4279 763 4365 fastigii
786 4279 977 4365 insignibus,
1000 4276 1147 4357 Medusa,
1172 4282 1331 4361 serperet,
