3334 5042
869 271 903 325 54
966 336 968 340 .

322 457 409 534 quod
427 462 549 531 praeter
571 453 680 511 Persas
703 453 840 511 videmus
863 452 1038 526 Aethiopes,
1075 468 1145 508 cum
1171 441 1254 509 idem
1283 451 1326 508 vir
1352 449 1463 508 doctis-

321 559 414 617 simus
447 556 465 615 l.
492 574 516 616 c.
545 573 575 631 p.
614 553 673 613 184
703 553 871 629 Aethiopes
905 553 1041 629 persicos
1075 551 1201 610 Graecis
1237 548 1379 626 (sortasse
1411 568 1465 625 per

323 658 479 734 Scylacem
494 647 716 732 geographum)
730 661 822 712 notos
845 654 938 712 fuisse
960 653 1182 712 monstraverit.
1225 654 1319 729 Apud
1333 652 1465 728 Aeschy-

321 761 382 818 lum
405 759 466 817 iam
487 762 647 816 occurrunt
668 753 738 813 Indi
767 753 835 829 τοῖς
858 750 1003 830 Αἰθίοψιν
1026 749 1357 829 ἀστυγειτονούμενοι.
1399 753 1465 811 Nec

324 861 421 936 magis
449 859 558 917 mirum
586 865 639 927 est,
674 857 758 932 quod
782 856 985 932 Aethiopibus
1006 857 1120 914 nostris
1141 855 1241 930 pictor
1263 856 1351 913 dedit
1375 856 1465 914 facies

322 963 507 1038 Aethiopum
528 958 732 1017 africanorum
753 957 825 1015 inde
848 959 887 1014 ab
910 951 1038 1015 Amasi¹
1059 957 1228 1034 pictoribus
1251 957 1370 1032 graecis
1392 975 1465 1016 con·

322 1073 434 1124 suetas.

421 1166 500 1223 Puto
520 1164 610 1241 igitur
632 1164 783 1240 picturam
801 1161 916 1219 vasculi
931 1161 1026 1218 nostri
1043 1177 1111 1219 esse
1125 1160 1327 1218 imitationem
1343 1160 1465 1217 tabulae

322 1285 341 1325 a
370 1267 503 1343 chorego
534 1267 583 1343 qui
617 1264 775 1341 Sophoclis
798 1263 999 1321 Andromeda
1027 1261 1095 1320 vicit
1124 1270 1332 1320 consecratae.
1377 1260 1466 1333 Quae

323 1369 453 1427 sirecte
479 1368 637 1444 disputata
665 1373 743 1439 sunt,
777 1365 908 1423 fortasse
939 1382 1002 1423 non
1032 1364 1121 1422 nimis
1149 1365 1296 1421 audacter
1323 1357 1466 1437 σὰρητον

322 1471 396 1529 illud
424 1471 509 1548 quod
530 1463 729 1542 μεσόλευκον
752 1467 871 1542 χιτῶνα
897 1466 990 1524 luisse
1017 1465 1187 1540 Hesychius
1217 1472 1346 1523 testatur
1371 1481 1467 1539 agno·

321 1573 432 1632 scimus
451 1571 483 1629 iu
498 1569 716 1629 Andromedae
740 1567 854 1627 vasculi
872 1568 968 1626 nostri
988 1568 1092 1625 tunica
1113 1566 1250 1649 mirabili,
1275 1568 1325 1625 cui
1347 1567 1466 1626 mediae

277 1664 280 1669 ’
322 1674 466 1751 imposita
488 1681 535 1730 est
555 1671 664 1730 lacinia
678 1670 765 1746 pellis
784 1679 816 1728 ut
830 1669 950 1727 videtur
964 1669 1064 1728 albae·
1108 1669 1203 1741 Quod
1217 1678 1321 1728 autem
1337 1669 1466 1726 Perseus

321 1794 380 1835 nec
399 1774 549 1833 Medusae
572 1780 665 1848 caput
692 1789 750 1829 nec
775 1770 892 1849 harpen
919 1770 1008 1846 gerit,
1041 1772 1098 1828 sed
1128 1771 1221 1830 hastis
1250 1779 1382 1829 armatus
1412 1780 1467 1844 est,

322 1876 535 1936 coniciendum
557 1882 604 1931 est
627 1892 696 1932 eum
717 1874 802 1948 apud
818 1872 1002 1948 Sophoclem
1025 1874 1102 1931 sicut
1123 1873 1154 1930 in
1177 1874 1254 1931 cista
1269 1872 1467 1931 Praenestina

324 1977 353 2050 Q
378 1980 414 2036 lo
438 1975 526 2035 hasta
548 1977 694 2034 adversus
717 1982 888 2033 monstrum
911 1976 1060 2032 marinum
1085 1975 1283 2034 dimicavisse.

422 2077 563 2135 Exeunte
593 2077 716 2136 saeculo
739 2076 767 2131 V
796 2085 889 2152 atque
919 2076 1044 2134 ineunte
1069 2078 1192 2135 saeculo
1213 2076 1260 2135 IV
1284 2077 1413 2134 artifices
1434 2075 1467 2132 id

322 2180 446 2238 studere
470 2188 647 2256 coeperunt,
675 2188 709 2235 ut
736 2179 854 2235 animos
877 2178 1079 2254 spectantium
1102 2179 1293 2236 delectarent
1314 2195 1352 2236 ac
1374 2178 1468 2236 sensi·

323 2283 379 2340 bus
412 2281 601 2355 voluptatem
633 2280 824 2357 praeberent.
869 2282 956 2340 Tunc
984 2289 1052 2338 orta
1073 2288 1123 2338 est
1143 2279 1279 2365 Danae
1293 2280 1394 2336 nuda
1414 2279 1467 2336 im·

322 2385 408 2442 brem
435 2400 560 2440 aureum
587 2370 740 2457 excipiens
767 2383 853 2440 cuius
884 2383 1125 2458 antiquissimum
1152 2379 1324 2456 exemplum
1344 2388 1391 2439 est
1407 2398 1465 2439 vas

321 2483 490 2542 multicolor
513 2484 539 2541 A
565 2485 592 2544 3.
636 2483 735 2540 Etiam
757 2482 950 2542 Medusam
973 2486 1090 2543 nudam
1112 2484 1227 2559 fingere
1252 2482 1332 2541 circa
1353 2501 1466 2541 annum

322 2571 384 2647 40'0
406 2603 499 2645 ausus
521 2595 569 2643 est
590 2593 696 2643 auctor
718 2586 841 2661 ignotus
863 2585 962 2660 operis
978 2603 1033 2661 per
1047 2594 1146 2645 totam
1161 2586 1372 2661 antiquitatem
1387 2584 1467 2642 cele-

323 2687 454 2764 berrimi,
480 2687 566 2746 cuius
589 2687 731 2763 exempla
753 2686 960 2764 antiquissima
983 2705 1064 2763 quae
1087 2695 1221 2747 aetatem
1245 2686 1379 2744 tulerunt
1399 2704 1467 2744 vas-

327 2787 394 2848 cula
416 2797 486 2846 sunt
506 2788 605 2858 Ias
627 2788 713 2846 initio
735 2788 798 2845 fere
820 2790 933 2847 saeculi
956 2790 1055 2865 quarti
1077 2799 1152 2849 orta.
1196 2789 1306 2864 Longo
1322 2787 1483 2862 temporis

322 2890 483 2951 intervallo
506 2890 545 2946 ab
568 2889 614 2946 his
638 2890 754 2949 distant
775 2890 904 2964 reliqua:
936 2891 1052 2965 pictura
1076 2890 1262 2967 Pompeiana
1284 2889 1341 2965 19,
1363 2888 1467 2947 tabula

323 2991 501 3050 aLuciano
523 2991 676 3067 descripta
696 2991 748 3059 Ic,
783 2990 956 3066 anaglypha
985 2992 1093 3049 dacica
1120 2992 1135 3048 Ι
1158 2994 1292 3070 10-12,
1325 3007 1467 3048 nummus

321 3091 335 3148 1
359 3093 406 3152 13.
450 3091 550 3149 Nihilo
583 3092 683 3150 minus
717 3092 747 3148 iu
778 3092 918 3148 omnibus
952 3108 1052 3165 paene
1086 3094 1214 3151 eaedem
1250 3101 1321 3150 sunt
1353 3092 1468 3166 figurae

324 3192 435 3262 Persei,
468 3195 519 3270 qui
547 3195 648 3271 capite
673 3194 785 3251 reflexo
814 3193 974 3268 chlamyde
998 3211 1092 3268 passa
1119 3213 1138 3251 a
1160 3194 1281 3253 sinistra
1303 3212 1467 3252 accurrens

322 3311 414 3353 mauu
438 3294 557 3352 sinistra
573 3295 724 3352 Medusae
746 3302 841 3369 caput
863 3293 1104 3370 comprehendit,
1128 3296 1236 3353 dextra
1258 3294 1374 3372 harpen
1395 3295 1462 3369 gla-

323 3396 444 3454 diumve
465 3397 544 3454 collo
567 3397 632 3453 eius
651 3397 805 3472 admovet,
828 3405 859 3452 et
875 3395 1036 3464 Medusae,
1060 3414 1139 3473 quae
1160 3399 1202 3455 ad
1216 3415 1298 3473 genu
1314 3398 1466 3456 sinistrum

323 3499 527 3574 procumbens
550 3514 647 3572 usque
668 3498 710 3554 ad
731 3497 880 3571 pudenda
902 3498 997 3572 nuda,
1021 3499 1087 3559 uisi
1114 3501 1198 3574 quod
1230 3500 1399 3558 vestimenti
1421 3500 1466 3557 la·

323 3599 402 3659 cinia
424 3601 465 3656 de
489 3615 592 3655 umero
614 3599 735 3656 sinistro
763 3601 890 3674 pendet,
924 3617 1016 3657 manu
1050 3601 1156 3657 dextra
1179 3598 1281 3657 Persei
1309 3600 1467 3658 brachium

322 3702 463 3759 dextrum
487 3699 679 3777 amplectitur
700 3697 847 3775 (excepto
870 3696 940 3775 19).
985 3699 1022 3756 In
1045 3716 1081 3756 eo
1104 3700 1257 3771 differunt,
1291 3703 1375 3777 quod
1397 3701 1462 3758 Me-

324 3805 422 3860 dusae
443 3800 600 3860 brachium
624 3801 775 3858 sinistrum
796 3803 827 3858 in
857 3802 979 3877 reliquis
1001 3803 1207 3860 monumentis
1229 3811 1283 3860 aut
1306 3812 1468 3861 extensum

321 3911 375 3961 aut
396 3903 490 3979 capiti
509 3904 669 3960 admotum
691 3912 749 3975 est,
772 3903 803 3960 in
824 3903 999 3979 anaglypho
1020 3903 1034 3959 Ι
1052 3905 1091 3961 10
1113 3912 1215 3961 autem
1229 3902 1323 3976 gladii
1337 3919 1469 3960 acumen
1552 3934 1556 3943 ·

321 4003 561 4078 comprehendit,
596 4006 681 4080 quod
717 4006 931 4079 exaggerantis
963 4012 1011 4061 est
1044 4005 1165 4062 artificis
1201 4005 1327 4063 romani.
1379 4004 1468 4062 Idem

322 4104 488 4163 dicendum
509 4113 555 4163 est
576 4107 618 4164 de
640 4105 752 4165 Perseo
775 4106 806 4163 in
828 4106 945 4180 pictura
968 4105 1014 4165 19
1038 4123 1120 4180 genu
1143 4105 1296 4163 sinistrum
1317 4106 1467 4163 Medusae

422 4318 431 4356 ¹
450 4322 489 4374 Cl.
508 4324 659 4373 Memnonis
677 4323 813 4389 satellites,
834 4324 1047 4388 Vorlegebl'a'tter
1067 4326 1135 4379 1889
1153 4324 1194 4377 ΙΙΙ
1213 4327 1237 4379 3.
