3334 5042
781 353 817 408 25

329 534 367 595 D.
391 535 527 593 Minerva
558 535 641 593 iuxta
666 543 793 611 puteum
815 535 999 610 quadratum
1031 541 1116 591 stans
1148 539 1240 607 caput
1278 529 1373 589 senile

229 639 313 698 tollit.
357 636 384 697 S.
408 635 535 695 Perseus
552 636 635 712 pede
657 654 681 694 s.
702 635 788 711 putei
809 635 936 711 margini
958 635 1077 694 insistit.
1112 633 1188 692 Post
1199 651 1272 691 eum
1289 630 1372 689 Mer·

230 739 328 796 curius
350 746 422 805 stat,
445 739 476 797 d.
499 736 620 812 Satyrus
642 745 736 812 caput
757 738 875 797 avertit.

328 838 429 896 Persei
452 837 580 916 figuram
600 839 702 898 fictam
729 856 795 898 esse
817 840 860 897 ad
881 840 1035 915 exemplar
1060 838 1177 896 iuvenis
1206 837 1324 895 situlam
1356 852 1373 891 e

230 945 325 1013 puteo
355 939 511 1011 trahentis,
544 940 596 1016 qui
619 941 751 998 occurrit
772 941 804 997 in
829 949 936 1016 patera
968 942 1062 998 attica
1083 940 1155 997 artis
1177 956 1303 997 severae
1324 937 1373 994 ed.

228 1038 349 1100 Saechs.
364 1039 432 1101 Ber.
450 1041 529 1101 1878
552 1041 614 1100 tab.
638 1044 668 1110 u,
685 1041 847 1101 Benndorf
867 1043 981 1110 docuit,
1005 1042 1061 1099 das
1075 1040 1203 1100 Heroon
1224 1059 1250 1101 v.
1268 1037 1373 1115 GJ'oel·

228 1143 340 1212 baschi,
362 1161 391 1218 p.
417 1146 487 1212 114,
511 1143 549 1203 cl.
574 1162 604 1219 p.
630 1146 689 1203 112
710 1144 782 1219 figg.
807 1145 877 1218 115,
902 1145 971 1203 116.

327 1246 355 1307 3.
379 1243 503 1303 Cratera
523 1245 637 1303 Rubeis
659 1246 792 1310 inventa.
814 1245 863 1302 ed.
885 1246 922 1305 Α.
946 1247 977 1305 d.
998 1246 1021 1304 1.
1046 1245 1128 1305 1850
1150 1245 1211 1303 161).
1235 1243 1272 1302 A.

326 1345 364 1405 D.
386 1345 523 1404 Minerva
543 1347 655 1405 sedens
687 1347 763 1405 tollit
785 1346 935 1405 Medusae
970 1355 1063 1422 caput
1083 1345 1251 1422 pulchrum,
1284 1346 1369 1422 quod

228 1447 313 1505 fonte
337 1448 475 1524 lapidum
490 1447 601 1506 circulo
624 1450 806 1507 adumbrato
829 1448 1004 1508 reflectitur.
1047 1447 1077 1509 S.
1102 1447 1230 1505 Perseus
1256 1446 1369 1522 pedem

226 1567 249 1608 s.
272 1550 304 1605 in
325 1567 399 1607 saxo
421 1549 574 1608 collocans
596 1550 628 1606 in
650 1549 768 1608 fontem
791 1550 929 1626 despicit.

325 1653 353 1711 4.
376 1648 502 1710 Cratera
523 1652 555 1707 in
577 1650 741 1709 Basilicata
761 1652 896 1718 inventa,
921 1652 971 1712 ed.
995 1651 1031 1710 A.
1056 1651 1085 1711 d.
1109 1650 1131 1710 l.
1156 1651 1232 1711 1851
1258 1651 1321 1709 tab.
1333 1649 1370 1708 N.

325 1750 364 1808 D.
388 1750 525 1809 Minerva
547 1759 630 1810 stans
652 1752 803 1829 Medusae
825 1761 921 1828 caput
943 1752 1060 1810 formae
1082 1749 1259 1828 antiquioris
1280 1750 1367 1810 tollit.

232 1852 261 1912 S.
279 1853 407 1910 Perseus
428 1854 539 1911 sedens
560 1854 659 1928 pedes
673 1854 704 1911 in
720 1854 857 1931 lapidum
873 1852 985 1912 circulo
1007 1849 1106 1929 (fonte
1120 1853 1201 1910 male
1215 1850 1370 1911 intellecto

229 1950 397 2030 apictore)
428 1954 569 2014 collocat.
613 1953 687 2013 Post
719 1973 789 2014 eum
812 1957 898 2032 virgo
920 1956 1075 2031 speculum
1101 1963 1211 2012 tenens
1242 1954 1324 2029 pede
1347 1971 1369 2010 s,

228 2049 327 2133 (utin
349 2056 451 2131 priore
472 2057 591 2131 pictura
613 2052 756 2133 Perseus)
779 2074 855 2117 saxo
878 2058 995 2117 insistit.
1208 2046 1210 2053 ¹

615 2330 619 2338 Ι
663 2241 789 2315 Speculo
809 2246 934 2302 almeo.

329 2377 356 2435 5.
382 2375 462 2434 Mus
474 2375 686 2445 Berolinensis
704 2376 739 2434 Β.
753 2396 779 2436 6.
792 2378 825 2436 Β.
840 2377 869 2435 lI
885 2380 954 2446 140,
967 2376 1171 2455 ed.Gerhard
1183 2377 1219 2435 E.
1236 2376 1286 2451 Sp.
1301 2377 1371 2435 122.

327 2476 464 2535 Minerva
485 2472 632 2553 (Mentis)
654 2487 687 2535 et
701 2478 827 2538 Perseus
843 2473 983 2556 (Pherse)
997 2478 1148 2538 Medusae
1171 2487 1265 2555 caput
1285 2477 1370 2536 fonte
1393 2500 1397 2509 ·

227 2580 378 2653 quadrato
411 2580 556 2637 reflexum
587 2582 838 2658 contemplantur.
883 2578 956 2639 Post
980 2578 1123 2638 Perseum
1152 2579 1268 2652 mulier,
1298 2586 1368 2654 post

224 2678 393 2738 Minervam
416 2681 527 2756 Apollo
549 2679 657 2758 (Aplu)
679 2691 782 2769 61661.Χ

323 2785 351 2842 6.
372 2781 526 2841 Galleriae
548 2783 753 2848 Florentinae.
775 2787 825 2845 ed.
851 2784 993 2844 Gerhard
1014 2785 1050 2844 E.
1074 2785 1125 2859 Sp.
1150 2787 1209 2843 123
1234 2783 1313 2841 alibi.

322 2881 462 2942 Minerva
494 2880 640 2963 (Menrfa)
666 2884 704 2943 'et
732 2885 863 2944 Perseus
896 2879 1047 2963 (Pherae).
1092 2884 1241 2943 Medusae
1275 2895 1369 2961 caput

226 2999 412 3058 quamquam
432 2983 590 3043 Minervae
611 2989 715 3045 manui
737 2988 834 3053 deest,
859 3004 941 3062 aqua
962 2987 1135 3045 reflectitur.

326 3086 353 3141 7.
377 3084 435 3142 Ed.
465 3083 607 3145 Gerhard
636 3088 671 3147 E.
694 3087 744 3162 Sp.
770 3090 830 3148 124
852 3087 990 3147 Minerva
1014 3083 1162 3165 (Menrsa)
1184 3096 1216 3146 et
1240 3086 1366 3146 Perseus

224 3178 406 3260 (Charmmi)
420 3186 686 3263 neglegentissime
709 3189 798 3265 picti3
821 3189 971 3246 Medusae
993 3198 1088 3263 caput
1111 3190 1159 3246 vix
1182 3189 1363 3262 agnoscitur.

322 3284 348 3342 8.
372 3283 559 3364 Castellanii‚
582 3288 632 3348 ed.
656 3287 927 3347 Gerhard·Koerte
949 3290 984 3349 E.
1005 3290 1055 3365 Sp.
1080 3290 1107 3346 V
1130 3293 1179 3350 69.

224 3383 376 3444 Medusae
399 3395 493 3462 caput
514 3388 545 3444 in
567 3406 647 3466 aqua
670 3407 734 3447 non
757 3392 950 3467 conspicitur.
996 3391 1069 3451 Post
1093 3391 1238 3451 Perseum
1260 3393 1366 3452 mulier

222 3488 321 3564 sedet,
344 3496 413 3563 post
434 3487 603 3548 Minervam
626 3491 741 3549 iuvenis
763 3493 843 3567 pileo
866 3492 989 3569 phrygio
1012 3503 1119 3553 tectus.

267 3774 313 3848 N.
342 3775 503 3852 Perseus
531 3776 580 3851 ad
607 3777 857 3876 Polydectem
886 3774 962 3853 fert
987 3778 1172 3854 Medusae
1199 3792 1323 3875 capnt.

462 3926 664 3986 Monumenta
688 3946 767 4004 quae
790 3946 828 3986 ex
852 3929 955 3987 litteris
976 3931 1123 3991 novimus

322 4096 348 4137 6.
369 4080 405 4138 16
432 4081 638 4157 pinacotheca
661 4083 738 4140 arcis
753 4082 945 4143 Athenarum
966 4080 1018 4145 καὶ
1041 4079 1193 4160 Περσεύς
1222 4080 1311 4145 ἐστιν
1332 4081 1367 4158 ἐς

222 4164 360 4254 (ἔριφον
382 4174 591 4259 κομιζόμενος
613 4179 803 4264 Πολυδέκτῃ
833 4181 944 4261 φέρων
965 4182 1024 4259 τὴν
1046 4183 1192 4262 κεφαλὴν
1215 4182 1274 4260 τὴν
1302 4182 1366 4246 Με-

221 4275 356 4354 δούσης.
379 4281 468 4343 Paus.
488 4283 568 4353 122,
593 4287 621 4345 7.

322 4383 351 4442 b.
374 4382 409 4440 ln
433 4386 538 4459 templi
550 4387 741 4462 Apollonidis
753 4386 893 4463 Cyziceni
915 4390 1057 4447 columna
1083 4391 1126 4448 XI
1148 4390 1281 4465 sculptus
1303 4396 1368 4449 erat
