3334 5042
685 386 891 453 ...714-

203 583 343 647 videmus
376 582 541 667 Verpilium
565 589 690 666 raptum
719 583 827 667 potius
855 584 896 647 ab
931 582 1081 647 heroibus
1105 582 1233 648 Graecis
1255 600 1367 666 perpe·

201 693 318 752 tratum
344 690 526 754 narravisse
549 686 596 774 (ll
622 690 684 754 163
708 686 802 774 sqq.)
850 689 985 768 Ouidius,
1011 690 1066 772 qui
1089 690 1158 773 ipse
1182 711 1310 774 quoque
1333 689 1367 752 in

202 795 511 879 bletamorphosibus
534 795 635 878 (XIII
659 796 723 860 336
747 793 832 879 sqq.)
860 800 987 879 raptum
1014 797 1175 872 describit,
1205 795 1238 859 in
1263 794 1369 859 Fastis

200 904 302 966 nescit
315 904 390 985 quid
404 904 442 967 de
458 902 576 966 fabulis
591 923 698 966 secum
713 902 969 988 repugnantibus
982 902 1115 985 judicet,
1134 901 1183 966 VI
1198 902 1265 966 433
1281 922 1367 987 sqq:

122 992 129 1002 ⁸
384 1030 457 1073 »seu
480 1029 584 1092 genus
610 1009 737 1072 Adrasti
760 1030 816 1073 seu
841 1007 935 1072 furtis
957 1013 1054 1092 aptus
1077 1007 1187 1073 Vlixes

477 1135 534 1179 seu
556 1117 628 1199 pius
647 1116 771 1179 Aeneas
799 1116 966 1198 (eripuisse
988 1112 1120 1201 ferunt),

381 1226 492 1287 auctor
514 1223 548 1285 in
571 1220 709 1286 incerto:
735 1243 785 1286 res
808 1225 856 1285 est
883 1221 1033 1286 Romana.
1062 1271 1070 1285 .
1096 1246 1124 1284 ,α

288 1328 402 1413 ltaque
425 1328 597 1393 traditione
620 1330 743 1411 poetice
765 1332 916 1393 monente
938 1349 1012 1392 mox
1024 1330 1091 1413 jem
1114 1329 1218 1392 altera
1232 1334 1302 1392 orta
1318 1333 1368 1392 est

199 1435 340 1499 narratio
375 1434 414 1499 de
449 1434 590 1500 Palladio
626 1434 758 1500 Romam
782 1434 888 1512 allata
925 1455 989 1520 qua
1010 1434 1090 1501 illud
1113 1436 1218 1520 ipsum
1240 1436 1367 1517 signum

198 1542 232 1605 in
267 1543 388 1626 templo
412 1540 530 1606 Vestae
558 1540 723 1605 conditum
752 1562 819 1606 esse
843 1543 1096 1620 confirmaretur,
1130 1543 1215 1626 quod
1238 1541 1366 1605 Diome·

199 1649 254 1713 des
277 1647 373 1732 Troja
396 1668 460 1713 una
487 1670 556 1712 cum
581 1646 677 1711 Vlixe
704 1648 872 1732 eripuerat.
897 1651 1053 1714 -Duae
1080 1649 1238 1714 exsistunt
1272 1648 1366 1731 hujus

197 1754 333 1820 fabellae
358 1757 529 1832 versiones,
553 1776 689 1838 quorum
714 1777 906 1868 quamquam
930 1754 976 1819 alt
962 1760 1033 1820 tera
1054 1778 1073 1818 a
1097 1755 1243 1821 Varrone
1266 1754 1311 1818 alt
1297 1759 1367 1818 tera

197 1885 217 1923 a
240 1861 467 1927 recentioribus
490 1863 592 1945 poetis
614 1866 742 1926 servata
764 1866 823 1939 est,
849 1863 995 1928 -baec
1018 1863 1183 1945 antiquior
1203 1883 1272 1927 esse
1287 1863 1366 1925 mibi

198 1969 334 2048 videtur,
363 1972 401 2033 ut
386 1968 603 2033 tVarronem
632 1969 752 2033 tradita
781 1970 818 2034 de
847 1991 904 2034 suo
928 1973 1169 2034 commutavisse
1191 1970 1268 2032 mibi
1284 1990 1365 2052 per·

199 2075 360 2139 suadeam·
407 2075 455 2140 De
478 2075 659 2158 antiquiore
682 2075 773 2158 prius
796 2075 909 2139 dicam.

286 2181 429 2248 Fuerunt
451 2187 488 2246 ut
510 2182 644 2247 vidimus
660 2182 716 2267 qui
734 2182 899 2247 Diomedis
914 2182 1093 2245 Palladium
1109 2182 1141 2245 in
1159 2182 1233 2246 fano
1251 2180 1366 2246 Vestae

197 2290 420 2353 absconditum
458 2310 525 2353 esse
563 2293 725 2372 putarent.
775 2287 855 2354 (lum
886 2292 994 2353 autem
1034 2288 1162 2373 signum
1200 2311 1264 2353 una
1294 2311 1366 2354 cum

197 2396 296 2459 sacris
332 2397 371 2459 ab
394 2393 504 2459 Aenea
538 2396 670 2460 allatum
707 2417 772 2460 esse
807 2400 978 2475 constaret,
1016 2418 1050 2459 re
1084 2395 1156 2480 ipsa
1190 2397 1296 2461 evenit
1330 2399 1367 2459 ut

199 2501 331 2566 Veneris
353 2502 440 2567 filius
463 2503 601 2586 effigiem
624 2502 764 2566 Palladis
789 2524 810 2566 a
832 2502 986 2567 Diomede
1008 2503 1166 2586 accepisse
1195 2506 1229 2567 et
1255 2507 1366 2586 postea

199 2607 332 2673 Romam
359 2609 506 2674 attulisse
534 2611 701 2674 diceretur⁴
758 2609 846 2686 Quae
882 2609 1023 2673 narratio
1058 2629 1095 2672 eo
1129 2609 1254 2673 facilius
1288 2610 1365 2690 fingi

199 2716 303 2798 potuit
341 2716 426 2799 quod
460 2714 631 2781 Diomedes
670 2715 731 2796 (vel
768 2712 894 2800 Vlixes)
937 2716 1066 2780 Aeneae
1109 2716 1142 2778 in
1179 2713 1274 2779 Italia
1312 2737 1365 2778 oc·

196 2824 329 2885 currisse
374 2818 611 2906 narrabatur.)
657 2855 701 2869 -
747 2822 820 2887 Jam
866 2842 1019 2886 enumero
1065 2821 1236 2904 scriptores
1279 2820 1365 2904 apud

196 2949 276 3010 quos
310 2927 387 2991 haec
425 2930 529 2992 versio
566 2927 702 3013 legitur:
749 2928 928 2992 Palladium
967 2926 1131 2991 Diomedis
1168 2949 1187 2990 a
1226 2925 1364 2991 Vestali·
1410 2914 1415 2921 ’

196 3035 254 3098 bus
288 3034 440 3098 custodiri
476 3035 592 3100 Statim
615 3034 705 3120 (Silv.
730 3034 757 3099 V
782 3035 879 3111 3‚178
903 3039 988 3118 sqq.)
1016 3038 1215 3117 compertum
1250 3034 1363 3114 habet3

197 3138 292 3204 Silius
316 3140 440 3204 Itolmue
475 3143 585 3207 multis
621 3141 724 3206 verbis
752 3141 904 3205 describit
933 3161 997 3225 quo
1026 3139 1120 3205 modo
1144 3140 1267 3205 Aeneas
1290 3141 1365 3204 ida

196 3245 320 3330 Tydida
343 3246 466 3311 Lavinii
494 3249 652 3332 acceperit
676 3245 771 3333 (Pon.
795 3246 875 3311 lllll
899 3247 942 3312 41
965 3246 1061 3331 sqq).
1107 3246 1199 3332 Apud
1224 3246 1364 3312 Solinum

196 3354 440 3436 grammaticum
473 3352 519 3438 (II
547 3354 596 3433 14,
625 3377 657 3438 p.
683 3355 725 3418 38
753 3355 802 3417 ed.
826 3353 1018 3431 Mommsen)
1051 3353 1189 3438 legimus
1222 3354 1364 3419 Aeneam

196 3457 375 3524 Palladium
398 3480 418 3523 a
442 3460 595 3524 Diomede
630 3460 867 3544 recuperavisse
901 3482 973 3526 cum
1006 3461 1058 3525 >in
1086 3482 1164 3546 agro
1187 3460 1361 3537 Laurenti<

196 3570 300 3630 eastra
323 3567 481 3648 posuisset
504 3575 602 3650 atque
621 3567 738 3631 Veneri
763 3567 854 3630 Fruti
878 3588 960 3651 quae
982 3573 1114 3633 vocatur
1128 3566 1364 3652 sacrificaret.²)

266 3777 289 3844 ι)
307 3777 415 3831 Aeneae
433 3775 578 3832 Diomedes
600 3777 628 3832 in
646 3777 725 3831 ltalia
747 3778 874 3833 occurrit:
902 3778 945 3833 Ps.
965 3778 1045 3832 Arist.
1065 3777 1158 3835 Mirab.
1178 3778 1212 3832 79
1231 3778 1295 3847 (nisi
1313 3795 1365 3849 pro

196 3865 237 3917 ὑπ’
256 3864 352 3918 Αἰνείου
375 3865 559 3920 dividamini
582 3865 778 3921 emendandum
802 3869 864 3935 est),
891 3867 971 3923 Dion.
990 3866 1050 3937 Hal.
1069 3866 1118 3922 Xll
1138 3868 1181 3935 16,
1200 3866 1277 3938 chg.
1297 3867 1363 3923 Aen.

196 3953 256 4008 Vlll
275 3955 292 4007 9
310 3969 369 4025 sqq.
391 3952 426 4007 Χ]
446 3954 499 4008 225
518 3971 579 4027 sqq
597 3954 642 4010 Ps.
661 3954 731 4009 Plut.
712 3954 859 4022 ttQuaes.
841 3955 924 4012 t.Gr
943 3955 976 4009 X.
1003 3955 1082 4010 Paos.
1102 3956 1174 4010 111.
1203 3954 1310 4011 Servius
1329 3955 1364 4009 ad

196 4043 263 4097 Aen
282 4042 439 4097 vrlle-
458 4043 576 4097 Aeneam
596 4042 687 4099 Vlixes
706 4042 828 4098 offendit:
848 4043 1003 4100 Hellanicus
1022 4043 1053 4098 ir.
1072 4044 1116 4111 53,
1135 4044 1197 4117 Lyc.
1215 4045 1285 4101 1242
1303 4059 1364 4113 sqq

268 4131 289 4198 ²)
308 4131 396 4186 Verba
423 4147 493 4202 quae
519 4132 571 4186 hoc
598 4130 681 4187 Solini
709 4131 770 4187 loco
797 4132 934 4205 leguntur·
973 4136 1018 4201 „ut
1048 4132 1162 4189 Hemina
1188 4131 1296 4201 uarice,
1328 4130 1364 4187 ad

197 4219 320 4291 proxima
337 4222 441 4275 tantmn
460 4222 582 4292 spectare
600 4220 730 4278 videntur
