3334 5042
762 333 796 397 15

302 515 350 575 Ab
373 517 469 575 altera
491 515 645 575 Medusae
666 522 753 592 parte
775 514 943 574 Mercurius
966 514 1104 574 accurrit.

299 619 326 679 8.
349 618 439 677 Vasis
463 618 531 676 colli
553 617 725 693 anaglypho
751 617 851 675 ornati
876 617 1078 691 fragmentum
1102 615 1217 675 Rubeis
1239 617 1346 676 inven-

206 728 270 779 tum
292 738 368 780 mus.
392 720 573 779 Bonnensis
1089 736 1091 741 ’

243 897 245 901 .
302 822 427 881 Servata
452 821 654 879 estMedusa
676 821 793 898 magnis
816 820 870 879 alis
901 820 1084 879 umeralibus
1118 821 1259 897 praedita
1292 823 1348 881 sub

206 942 267 1001 qua
289 942 414 1000 serpens
437 924 564 983 volvitur
586 932 619 981 et
641 922 770 981 Perseus
795 922 851 982 alis
865 923 1027 999 pedalibus
1042 924 1207 981 instructus
1229 932 1350 998 praeter

206 1026 303 1085 lemur
324 1035 358 1084 et
379 1043 448 1085 crus
470 1026 617 1086 dextrum.
655 1024 849 1083 Vestimenta
861 1026 944 1101 picta
966 1032 1037 1083 sunt
1059 1031 1229 1083 atramento
1251 1024 1349 1102 fusco,

204 1129 236 1186 in
256 1104 407 1187 Medusae
431 1144 560 1202 corpore
592 1135 732 1202 serpente
755 1125 861 1184 Persei
885 1126 968 1201 pileo
998 1126 1108 1184 coloris
1125 1125 1199 1182 ¹albi
1222 1127 1351 1202 vestigia

173 1238 330 1297 ‚restant
369 1228 519 1287 Dextrum
541 1228 704 1305 anaglyphi
737 1229 814 1286 latus
846 1228 989 1286 definitur
1017 1226 1151 1304 palmula
1172 1228 1271 1303 picta;
1302 1229 1352 1286 cui

206 1331 231 1390 si
252 1332 284 1389 in
304 1332 399 1390 latere
421 1350 444 1391 s.
467 1333 593 1389 alteram
613 1331 778 1407 palmulam
810 1330 1007 1406 respondisse
1036 1331 1188 1389 credimus
1217 1331 1350 1405 spatium

205 1433 381 1510 relinquitur
400 1433 517 1508 figurae
541 1433 634 1490 stanti
657 1441 772 1508 aptum.

611 1616 737 1677 Pictura
757 1617 946 1693 Pmnpeiana.

222 1793 226 1800 .
301 1737 330 1796 9.
352 1734 391 1796 H.
416 1737 506 1812 1182,
528 1735 579 1793 ed.
603 1733 683 1793 Mus.
707 1733 798 1794 Borb.
822 1733 881 1791 XII
903 1736 954 1804 48,
977 1734 1063 1792 Zahn
1086 1733 1199 1797 11123.

303 1836 423 1896 Scaena
443 1836 628 1913 transposita
650 1843 698 1895 est
720 1836 752 1894 in
773 1836 930 1913 regionem
952 1844 1098 1911 apertam.
1143 1836 1266 1895 Praeter
1280 1836 1353 1894 Per-

206 1956 292 1997 seum
313 1938 453 1998 Minerva
473 1938 636 1997 Medusam
660 1938 831 2015 aggreditur
852 1937 941 1996 hasta
962 1938 1088 1998 vibrata.

593 2117 773 2193 Anuqtypta
793 2134 967 2178 marmoreo.

310 2238 358 2296 10.
383 2237 442 2294 An.
475 2238 574 2295 musei
596 2235 799 2312 Aquincensis
833 2237 883 2295 ed.
911 2235 1037 2317 Ziehen,
1060 2236 1251 2313 aren-epigr.
1274 2235 1352 2295 Mitt.
1475 2286 1477 2293 .

210 2335 767 2413 mfflmmwpfflQl

303 2435 379 2496 Post
401 2436 544 2497 Perseum
563 2437 702 2497 Minerva
724 2447 786 2497 stat
809 2440 939 2516 clipeum
960 2456 1089 2515 praese
1111 2447 1229 2503 tenens.

309 2541 357 2597 11.
380 2538 471 2617 Lapis
484 2540 621 2617 sculptus
634 2559 671 2601 ex
682 2539 798 2617 oppido
808 2539 948 2598 Waitzen
957 2541 988 2598 in
1003 2557 1142 2598 museum
1153 2541 1349 2616 Aquincense

215 2646 447 2714 transportatus,
469 2640 506 2701 cf.
530 2641 646 2699 Ziehen
667 2642 684 2700 l.
706 2660 781 2718 c.·p.
805 2643 856 2703 50.

307 2739 468 2816 Sculptura
494 2741 586 2818 priori
614 2741 734 2813 similis;
768 2742 906 2801 Minerva
927 2743 1027 2802 deest.
1071 2743 1108 2800 In
1134 2751 1223 2818 parte
1244 2759 1351 2800 aversa
1463 2780 1466 2787 ·

206 2840 315 2898 mulier
335 2843 419 2901 nuda
441 2851 557 2900 vestem
578 2842 687 2901 Ledae
709 2844 766 2902 ritu
784 2862 858 2920 prae
880 2861 914 2902 se
937 2852 1032 2913 tenet,
1057 2860 1150 2918 supra
1171 2861 1242 2902 eam
1264 2844 1352 2919 clipei
1424 2853 1426 2856 ’

206 2942 307 3000 lineae
328 2943 443 3018 primae
464 2952 681 3019 agnoscuntur.
724 2944 806 3003 Num
828 2944 938 3004 Danae
960 2953 993 3002 et
1014 2940 1132 3002 nubes?
1240 2998 1242 3003 .

308 3045 355 3101 12.
377 3044 434 3104 An.
457 3046 542 3120 apud
563 3045 691 3104 limitem
725 3047 777 3121 qui
803 3054 928 3104 vocatur
947 3028 1223 3119 ‘Oswaldgraben’
1246 3043 1352 3101 inven-

208 3152 281 3219 tum,
304 3143 354 3202 ed.
374 3144 510 3215 Muchar‚
533 3146 716 3205 Steiermark
738 3147 753 3205 Ι
775 3148 837 3207 tab.
857 3146 930 3205 VIII
941 3149 969 3216 6,
992 3146 1029 3208 cf.
1048 3146 1165 3205 Ziehen
1183 3147 1201 3205 l.
1216 3163 1241 3204 c.
1256 3162 1286 3219 p.
1302 3146 1352 3204 51.

208 3243 372 3302 Medusam
392 3264 410 3304 a
435 3245 546 3305 Perseo
570 3248 761 3308 interiectam
783 3250 933 3325 sculptam
956 3267 1025 3308 esse
1051 3249 1164 3307 conicit
1186 3242 1310 3305 Ziehen.

701 3433 854 3494 Numano.

308 3549 356 3608 13.
381 3546 419 3608 N.
443 3545 620 3608 Caracallae
634 3547 822 3609 Sebastenus
840 3549 990 3620 Galatiae,
1012 3550 1062 3609 ed.
1082 3550 1246 3627 Inghirami
1267 3566 1349 3610 mon.

209 3657 262 3708 etr.
284 3646 327 3707 VI
348 3651 409 3710 tab.
440 3651 516 3721 Lt,
541 3654 558 3711 t
590 3651 686 3710 Millin
707 3652 807 3711 Vases
839 3661 900 3713 ant.
936 3655 996 3712 tab.
1032 3654 1080 3730 ts,
1101 3654 1119 3711 3
1142 3646 1194 3729 (cl.
1216 3651 1353 3709 Reinach

208 3769 238 3828 p.
261 3746 323 3827 87),
346 3749 387 3811 G.
408 3752 450 3812 M.
475 3756 545 3831 105,
570 3748 682 3814 386**.

308 3851 382 3909 Post
405 3852 551 3915 Perseum
571 3854 710 3915 Minerva
742 3864 803 3914 stat
828 3863 952 3932 propter
973 3854 1063 3931 spatii
1085 3854 1243 3930 angustias
1264 3852 1352 3913 nimis

208 3971 310 4028 parva.

713 4064 857 4124 Gesonae.

245 4256 248 4264 ι
312 4186 357 4242 14.
382 4180 500 4239 Vitrum
519 4179 677 4239 inventum
696 4181 728 4238 in
751 4181 860 4239 Monte
875 4179 1014 4258 Seleuco,
1037 4182 1087 4243 ed.
1108 4180 1214 4260 Mittin,
1237 4199 1353 4258 voyage

213 4301 252 4375 au
284 4282 360 4340 midi
394 4285 435 4341 de
466 4283 497 4341 la
520 4283 646 4357 Franoe,
680 4283 731 4342 atl.
760 4282 821 4343 tab.
846 4284 894 4357 tt,
919 4285 947 4343 3.
992 4283 1030 4344 G.
1063 4283 1104 4342 M.
1130 4286 1199 4354 105.
1222 4279 1353 4349 386***.

209 4385 306 4444 Vases
330 4392 390 4443 ant.
413 4384 475 4443 tab.
501 4384 551 4458 78,
577 4388 591 4442 l
617 4379 670 4462 (cf.
694 4383 831 4442 Reinach
853 4402 885 4459 p.
907 4378 969 4463 86).
