3334 5042
785 332 819 388 at

319 498 364 555 ’4.
388 495 514 554 Cratera
537 494 747 563 Bononiensis,
779 495 828 554 ed.
864 493 1066 551 Luckenbach
1103 494 1140 553 A.
1176 496 1206 554 d.
1239 493 1260 551 I.
1297 475 1373 552 raet

236 598 318 657 tabb.
340 597 376 666 F,
403 596 439 656 G.
523 648 527 659 ,

339 697 467 756 Perseus
484 686 576 755 manu
599 718 630 773 s.
645 697 794 755 Medusae
818 705 920 770 caput,
942 697 972 755 d.
994 698 1069 752 duas
1092 694 1194 752 hastas
1217 703 1310 753 tenet.
1338 693 1378 754 D.

236 798 421 875 Polydectes
449 801 548 875 capite
568 800 656 857 calvo
678 799 809 873 insignis,
840 815 936 873 usque
954 798 994 854 ad
1017 804 1153 854 ventrem
1184 814 1253 853 cum
1275 796 1377 872 lapide

237 902 269 957 in
291 916 353 975 quo
367 902 457 959 sedet
478 900 640 960 concrevit.
674 898 705 959 S.
717 899 855 957 Minerva
878 899 997 974 pedes
1021 916 1095 956 saxo
1117 897 1220 955 innixa
1241 907 1379 956 mentum
1452 880 1454 884 Α

236 1021 328 1061 manu
350 1021 373 1062 s,
393 1002 520 1060 fulciens
553 1010 672 1069 attente
702 1000 845 1058 Perseum
882 982 1020 1074 adspicit.
1044 992 1069 1079 )(
1089 997 1208 1056 Iuvenis
1239 999 1379 1074 palliatus

238 1112 400 1180 tropaeum
423 1105 654 1179 contemplatur.

337 1209 365 1266 5.
388 1205 498 1282 Scyphi
520 1205 632 1262 Nolani
651 1205 680 1261 K
706 1207 742 1264 19
765 1204 845 1261 orbis
867 1203 1029 1279 superioris
1050 1221 1120 1278 pars
1142 1203 1245 1263 altera.

337 1307 467 1367 Perseus
504 1307 581 1365 inter
619 1308 698 1364 duos
731 1305 810 1363 viros
844 1307 989 1366 sedentes
1020 1312 1097 1373 stat,
1135 1322 1264 1380 quorum
1295 1305 1382 1361 alteri

237 1403 422 1488 (Polydecti)
444 1407 596 1467 Medusae
619 1416 712 1484 caput
746 1408 889 1484 ostendit,
919 1407 1046 1465 alterurn
1069 1401 1207 1483 (Dictyn)
1236 1404 1313 1463 falce
1336 1404 1380 1462 in·

219 1522 333 1568 'nuens
356 1511 469 1568 hortari
491 1490 622 1583 videtur,
642 1518 676 1567 ut
699 1510 804 1567 oculos
827 1516 953 1568 avertat.

337 1614 364 1671 6.
386 1610 544 1686 Amphora
569 1610 701 1679 Nolana,
724 1611 772 1670 ed.
795 1609 901 1667 Philol.
922 1611 961 1668 27
984 1609 1044 1669 tab.
1066 1609 1119 1668 lll.

340 1711 465 1770 Perseus
482 1711 680 1791 Gorgoneum
696 1710 854 1788 pulchrum
876 1729 895 1766 a
916 1711 995 1769 collo
1012 1711 1118 1769 tollens
1133 1719 1281 1770 monstrat
1293 1710 1381 1785 Poly·

238 1813 332 1888 docti,
356 1815 441 1871 cuius
463 1832 550 1872 crura
571 1814 631 1871 iam
653 1813 683 1871 in
706 1806 811 1872 saxum
835 1831 984 1871 conversa
1005 1822 1084 1872 sunt.

338 2098 382 2175 0.
415 2070 575 2211 Perseus
604 2100 902 2179 eontraBacohi
929 2100 1093 2175 thiasum
1122 2108 1295 2200 pugnat'

582 2255 659 2314 Vasa
680 2256 778 2329 ntqrts
796 2256 902 2330 figuris
925 2260 1041 2316 ornata.

338 2405 374 2462 In
395 2405 443 2463 his
464 2404 716 2480 Perseus-gladio
739 2407 844 2463 stricto
866 2407 897 2463 in
920 2408 996 2464 duas
1018 2407 1188 2466 Maenades
1212 2407 1304 2464 irruit.

181 2578 185 2589 Ι
339 2511 367 2565 1.
390 2507 547 2583 Amphora
570 2507 628 2565 loci
644 2506 750 2566 incerti
765 2510 814 2566 ed.
839 2509 880 2566 de
895 2507 988 2567 Witte
1010 2509 1085 2569 Gar.
1103 2510 1195 2569 Arch.
1217 2509 1231 2565 I
1257 2510 1318 2566 tab.
1333 2510 1381 2568 29.

240 2608 276 2667 cf.
301 2607 497 2667 Krets'chmer
518 2610 556 2668 A.
578 2607 604 2685 J.
628 2607 685 2666 Vll
705 2628 736 2684 p.
759 2611 799 2668 32
814 2628 853 2668 ss.
1164 2632 1167 2636 “

336 2709 464 2768 Perseus
481 2711 627 2767 barbatus
648 2710 837 2785 subligaculo
861 2712 965 2786 caligis
986 2712 1105 2769 uncatis
1125 2719 1233 2787 petaso
1256 2711 1379 2770 vestitus

235 2812 340 2884 gladio
363 2812 466 2869 stricto
486 2796 680 2885 persequitur
701 2812 848 2886 virginem
871 2814 912 2869 ad
927 2813 957 2872 d.
981 2813 1147 2887 fugientem
1163 2815 1264 2872 tunica
1287 2815 1381 2888 longa

238 2911 391 2987 pallioque
407 2912 561 2980 vestitam3
584 2913 626 2968 ad
649 2931 669 2972 s.
692 2913 788 2970 altera
810 2902 892 2988 virgo
914 2914 1005 2988 priori
1026 2902 1125 2971 similis
1148 2914 1234 2990 sugit.
1267 2913 1381 2971 EPer·

239 3013 282 3070 sei
309 3014 421 3070 lacerto
444 3032 467 3072 S.
490 3013 587 3070 cibisis
610 3031 722 3088 magna
751 3016 876 3094 pendet,
912 3024 981 3090 post
1011 3014 1080 3072 eum
1097 3017 1191 3095 ¹arbor
1220 3017 1302 3091 picta
1324 3027 1379 3076 est.

239 3115 423 3195 Adscriptae
445 3123 515 3171 sunt
536 3116 654 3172 litterae
676 3133 765 3173 sensu
788 3126 934 3177 carentes.

337 3214 507 3274 Maenades
529 3216 641 3291 primus
664 3219 786 3292 agnovit
808 3218 840 3277 P.
863 3219 1056 3277 Kretschmer
1078 3221 1094 3277 l.
1117 3238 1142 3278 c.

338 3319 366 3376 2.
389 3317 548 3392 Amphora
570 3336 647 3377 mus.
667 3321 755 3380 acad.
771 3319 1038 3395 Wuerzburgensis
1057 3316 1189 3399 (Urlichs
1203 3320 1380 3381 Verzeichn.

238 3421 268 3477 d.
285 3418 507 3495 Wuerzburger
528 3410 834 3496 Antikensammlung
855 3425 935 3481 1872
954 3441 984 3481 n.
1003 3418 1076 3500 121)
1101 3423 1171 3480 olim
1194 3422 1381 3481 collectionis

237 3518 429 3580 Feolianae1.

339 3620 420 3681 Olim
443 3624 546 3698 putavi
571 3624 632 3681 hoc
656 3642 708 3681 vas
730 3626 810 3699 idem
846 3643 912 3684 esse
934 3636 1027 3701 atque
1049 3627 1081 3683 id
1110 3627 1194 3701 quod
1215 3628 1382 3701 praecedit,

241 3726 343 3783 donec
365 3724 554 3783 Loeschckio
587 3726 798 3785 intercedente
818 3728 884 3785 Sittl
916 3748 941 3786 v.
971 3728 1005 3787 cl.
1034 3728 1194 3786 liberaliter
1220 3728 1383 3785 transmisit

235 3826 387 3901 picturam
408 3813 702 3902 Wirerzburgensem
723 3828 828 3886 charta
850 3830 1000 3887 tralucida
1017 3830 1209 3905 descriptam.
1255 3829 1382 3904 Figurae

185 3942 188 3948 ¹
237 3928 316 3985 vasis
338 3926 605 4004 Wuerzburgensis
630 3936 699 3987 sunt
720 3930 824 4005 paullo
857 3930 943 3987 aliter
967 3938 1085 4003 motae;
1108 3932 1279 3989 accuratius
1300 3929 1381 4007 picta

236 4036 282 4086 est
305 4029 417 4103 cibisis3
441 4030 561 4088 litterae
585 4031 705 4091 desunt.

333 4276 344 4316 ¹
363 4283 533 4352 Campanam,
555 4285 609 4334 vasi
629 4285 722 4351 dipinti
748 4286 818 4335 della
843 4286 990 4337 collezione
1009 4285 1086 4336 Feoli
1106 4302 1130 4337 n.
1150 4283 1298 4341 aberravit
1323 4300 1380 4341 cum

234 4370 328 4432 figuras
350 4386 407 4421 esse
426 4373 517 4422 rubras
538 4374 679 4426 contendit.
