<?xml version="1.0" encoding="UTF-8"?>
<!DOCTYPE html PUBLIC "-//W3C//DTD XHTML 1.0 Transitional//EN"
    "http://www.w3.org/TR/xhtml1/DTD/xhtml1-transitional.dtd">
<html xmlns="http://www.w3.org/1999/xhtml" xml:lang="en" lang="en">
 <head>
  <title>
</title>
<meta http-equiv="Content-Type" content="text/html;charset=utf-8" />
  <meta name='ocr-system' content='tesseract 3.04.00' />
  <meta name='ocr-capabilities' content='ocr_page ocr_carea ocr_par ocr_line ocrx_word'/>
</head>
<body>
  <div class='ocr_page' id='page_1' title='image "./depalladiiraptu00chavgoog_0196.png"; bbox 0 0 3334 5042; ppageno 0'>
   <div class='ocr_carea' id='block_1_1' title="bbox 294 449 1438 1311">
    <p class='ocr_par' dir='ltr' id='par_1_1' title="bbox 659 449 1135 844">
     <span class='ocr_line' id='line_1_1' title="bbox 847 449 883 504; baseline 0.056 -2"><span class='ocrx_word' id='word_1_1' title='bbox 847 449 883 504; x_wconf 76' lang='lat'>42</span> 
     </span>
     <span class='ocr_line' id='line_1_2' title="bbox 845 626 885 704; baseline 0.025 -1"><span class='ocrx_word' id='word_1_2' title='bbox 845 626 885 704; x_wconf 79' lang='grc' dir='ltr'>ιι.</span> 
     </span>
     <span class='ocr_line' id='line_1_3' title="bbox 659 769 1135 844; baseline -0.002 -3"><span class='ocrx_word' id='word_1_3' title='bbox 659 785 685 842; x_wconf 94' lang='grc'>1.</span> <span class='ocrx_word' id='word_1_4' title='bbox 720 784 767 842; x_wconf 84' lang='lat' dir='ltr'>De</span> <span class='ocrx_word' id='word_1_5' title='bbox 787 784 890 843; x_wconf 82' lang='lat' dir='ltr'>Persei</span> <span class='ocrx_word' id='word_1_6' title='bbox 910 787 1074 844; x_wconf 76' lang='lat' dir='ltr'>armatura.</span> <span class='ocrx_word' id='word_1_7' title='bbox 1132 769 1135 773; x_wconf 57' lang='grc'><em>’</em></span> 
     </span>
    </p>

    <p class='ocr_par' dir='ltr' id='par_1_2' title="bbox 294 913 1438 1311">
     <span class='ocr_line' id='line_1_4' title="bbox 392 913 1436 995; baseline -0.005 -18"><span class='ocrx_word' id='word_1_8' title='bbox 392 918 484 995; x_wconf 85' lang='lat' dir='ltr'><strong>Apud</strong></span> <span class='ocrx_word' id='word_1_9' title='bbox 503 913 699 977; x_wconf 90' lang='lat' dir='ltr'>Hesiodum¹</span> <span class='ocrx_word' id='word_1_10' title='bbox 720 917 848 977; x_wconf 89' lang='lat' dir='ltr'>Perseus</span> <span class='ocrx_word' id='word_1_11' title='bbox 875 924 1009 976; x_wconf 88' lang='lat' dir='ltr'>armatus</span> <span class='ocrx_word' id='word_1_12' title='bbox 1035 925 1083 975; x_wconf 88' lang='lat' dir='ltr'>est</span> <span class='ocrx_word' id='word_1_13' title='bbox 1115 916 1291 993; x_wconf 84' lang='lat' dir='ltr'>crepidis</span> <span class='ocrx_word' id='word_1_14' title='bbox 1314 914 1436 974; x_wconf 90' lang='lat' dir='ltr'>alatis</span> 
     </span>
     <span class='ocr_line' id='line_1_5' title="bbox 294 1011 1437 1096; baseline -0.005 -14"><span class='ocrx_word' id='word_1_15' title='bbox 294 1014 483 1096; x_wconf 82' lang='grc' dir='ltr'>(πτερόεντα</span> <span class='ocrx_word' id='word_1_16' title='bbox 504 1014 632 1095; x_wconf 85' lang='grc' dir='ltr'>πέδιλα)</span> <span class='ocrx_word' id='word_1_17' title='bbox 659 1020 786 1095; x_wconf 86' lang='lat' dir='ltr'>gladio</span> <span class='ocrx_word' id='word_1_18' title='bbox 815 1013 1023 1095; x_wconf 79' lang='grc' dir='ltr'>(μελάνδετον</span> <span class='ocrx_word' id='word_1_19' title='bbox 1055 1012 1131 1095; x_wconf 87' lang='grc' dir='ltr'>ἄορ)</span> <span class='ocrx_word' id='word_1_20' title='bbox 1165 1017 1276 1077; x_wconf 85' lang='lat' dir='ltr'>cibisi</span> <span class='ocrx_word' id='word_1_21' title='bbox 1309 1011 1437 1093; x_wconf 83' lang='grc' dir='ltr'>(κίβισις</span> 
     </span>
     <span class='ocr_line' id='line_1_6' title="bbox 296 1113 1438 1199; baseline -0.007 -18"><span class='ocrx_word' id='word_1_22' title='bbox 296 1114 449 1198; x_wconf 77' lang='grc' dir='ltr'>ἀργυρέη)</span> <span class='ocrx_word' id='word_1_23' title='bbox 473 1121 648 1180; x_wconf 90' lang='lat' dir='ltr'>Plutonis</span> <span class='ocrx_word' id='word_1_24' title='bbox 669 1121 776 1197; x_wconf 83' lang='lat' dir='ltr'>galea</span> <span class='ocrx_word' id='word_1_25' title='bbox 803 1114 928 1199; x_wconf 78' lang='grc' dir='ltr'>(Ἄιδος</span> <span class='ocrx_word' id='word_1_26' title='bbox 950 1115 1070 1195; x_wconf 84' lang='grc' dir='ltr'>κυνέη),</span> <span class='ocrx_word' id='word_1_27' title='bbox 1101 1120 1185 1195; x_wconf 89' lang='lat' dir='ltr'>apud</span> <span class='ocrx_word' id='word_1_28' title='bbox 1206 1113 1438 1194; x_wconf 75' lang='lat' dir='ltr'>Pherecydem²</span> 
     </span>
     <span class='ocr_line' id='line_1_7' title="bbox 296 1217 1437 1311; baseline -0.004 -32"><span class='ocrx_word' id='word_1_29' title='bbox 296 1222 437 1311; x_wconf 84' lang='lat' dir='ltr'>crepidas</span> <span class='ocrx_word' id='word_1_30' title='bbox 461 1222 567 1280; x_wconf 91' lang='lat' dir='ltr'>cibisin</span> <span class='ocrx_word' id='word_1_31' title='bbox 588 1223 709 1299; x_wconf 88' lang='lat' dir='ltr'>galeam</span> <span class='ocrx_word' id='word_1_32' title='bbox 731 1220 840 1297; x_wconf 88' lang='lat' dir='ltr'>accipit</span> <span class='ocrx_word' id='word_1_33' title='bbox 862 1219 1051 1297; x_wconf 90' lang='lat' dir='ltr'>aNymphis.</span> <span class='ocrx_word' id='word_1_34' title='bbox 1094 1220 1284 1278; x_wconf 86' lang='lat' dir='ltr'>Illustrantur</span> <span class='ocrx_word' id='word_1_35' title='bbox 1301 1217 1437 1294; x_wconf 86' lang='lat' dir='ltr'>quodam</span> 
     </span>
    </p>
   </div>
   <div class='ocr_carea' id='block_1_2' title="bbox 295 1317 1437 1502">
    <p class='ocr_par' dir='ltr' id='par_1_3' title="bbox 295 1317 1437 1502">
     <span class='ocr_line' id='line_1_8' title="bbox 295 1317 1437 1400; baseline -0.006 -17"><span class='ocrx_word' id='word_1_36' title='bbox 295 1324 390 1383; x_wconf 86' lang='lat' dir='ltr'>modo</span> <span class='ocrx_word' id='word_1_37' title='bbox 422 1324 471 1383; x_wconf 86' lang='lat' dir='ltr'>illa</span> <span class='ocrx_word' id='word_1_38' title='bbox 503 1324 683 1400; x_wconf 90' lang='lat' dir='ltr'>scriptorum</span> <span class='ocrx_word' id='word_1_39' title='bbox 708 1323 882 1383; x_wconf 90' lang='lat' dir='ltr'>testimonia</span> <span class='ocrx_word' id='word_1_40' title='bbox 911 1323 1024 1382; x_wconf 87' lang='lat' dir='ltr'>vasculi</span> <span class='ocrx_word' id='word_1_41' title='bbox 1051 1320 1250 1381; x_wconf 85' lang='lat' dir='ltr'>chalcidensis</span> <span class='ocrx_word' id='word_1_42' title='bbox 1282 1319 1308 1378; x_wconf 90' lang='lat' dir='ltr'><strong>E</strong></span> <span class='ocrx_word' id='word_1_43' title='bbox 1333 1322 1348 1378; x_wconf 94' lang='lat'>1</span> <span class='ocrx_word' id='word_1_44' title='bbox 1375 1317 1437 1394; x_wconf 92' lang='lat' dir='ltr'>pic·</span> 
     </span>
     <span class='ocr_line' id='line_1_9' title="bbox 295 1421 1435 1502; baseline -0.004 -21"><span class='ocrx_word' id='word_1_45' title='bbox 295 1432 375 1499; x_wconf 82' lang='lat' dir='ltr'>tura,</span> <span class='ocrx_word' id='word_1_46' title='bbox 398 1425 430 1482; x_wconf 92' lang='lat' dir='ltr'>in</span> <span class='ocrx_word' id='word_1_47' title='bbox 452 1442 513 1502; x_wconf 88' lang='lat' dir='ltr'>qua</span> <span class='ocrx_word' id='word_1_48' title='bbox 535 1433 595 1483; x_wconf 87' lang='lat' dir='ltr'>tres</span> <span class='ocrx_word' id='word_1_49' title='bbox 611 1424 769 1501; x_wconf 89' lang='lat' dir='ltr'>Nymphae</span> <span class='ocrx_word' id='word_1_50' title='bbox 785 1422 900 1483; x_wconf 89' lang='lat' dir='ltr'>Perseo</span> <span class='ocrx_word' id='word_1_51' title='bbox 916 1424 1047 1483; x_wconf 86' lang='lat' dir='ltr'>offerunt</span> <span class='ocrx_word' id='word_1_52' title='bbox 1068 1422 1208 1499; x_wconf 84' lang='lat' dir='ltr'>crepidas</span> <span class='ocrx_word' id='word_1_53' title='bbox 1232 1421 1329 1479; x_wconf 88' lang='lat' dir='ltr'>alatas</span> <span class='ocrx_word' id='word_1_54' title='bbox 1349 1427 1435 1497; x_wconf 90' lang='lat' dir='ltr'>peta·</span> 
     </span>
    </p>
   </div>
   <div class='ocr_carea' id='block_1_3' title="bbox 186 1524 1436 1604">
    <p class='ocr_par' dir='ltr' id='par_1_4' title="bbox 186 1524 1436 1604">
     <span class='ocr_line' id='line_1_10' title="bbox 186 1524 1436 1604; baseline -0.005 -21"><span class='ocrx_word' id='word_1_55' title='bbox 186 1595 190 1604; x_wconf 26' lang='lat'>¹</span> <span class='ocrx_word' id='word_1_56' title='bbox 296 1541 362 1583; x_wconf 91' lang='lat' dir='ltr'>sum</span> <span class='ocrx_word' id='word_1_57' title='bbox 385 1525 505 1599; x_wconf 81' lang='lat' dir='ltr'>cibisiu3</span> <span class='ocrx_word' id='word_1_58' title='bbox 526 1526 630 1602; x_wconf 86' lang='lat' dir='ltr'>gladio</span> <span class='ocrx_word' id='word_1_59' title='bbox 651 1526 712 1583; x_wconf 92' lang='lat' dir='ltr'>iam</span> <span class='ocrx_word' id='word_1_60' title='bbox 734 1526 850 1585; x_wconf 90' lang='lat' dir='ltr'>cinctus</span> <span class='ocrx_word' id='word_1_61' title='bbox 874 1533 923 1584; x_wconf 89' lang='lat' dir='ltr'>est</span> <span class='ocrx_word' id='word_1_62' title='bbox 944 1524 1045 1586; x_wconf 87' lang='lat' dir='ltr'>heros.</span> <span class='ocrx_word' id='word_1_63' title='bbox 1089 1524 1211 1582; x_wconf 90' lang='lat' dir='ltr'>Eadem</span> <span class='ocrx_word' id='word_1_64' title='bbox 1229 1540 1314 1582; x_wconf 89' lang='lat' dir='ltr'>arma</span> <span class='ocrx_word' id='word_1_65' title='bbox 1330 1538 1436 1581; x_wconf 88' lang='lat' dir='ltr'>occur·</span> 
     </span>
    </p>
   </div>
   <div class='ocr_carea' id='block_1_4' title="bbox 296 1624 1440 2718">
    <p class='ocr_par' dir='ltr' id='par_1_5' title="bbox 296 1624 1440 2718">
     <span class='ocr_line' id='line_1_11' title="bbox 296 1624 1438 1703; baseline -0.004 -20"><span class='ocrx_word' id='word_1_66' title='bbox 296 1634 367 1684; x_wconf 88' lang='lat' dir='ltr'>runt</span> <span class='ocrx_word' id='word_1_67' title='bbox 378 1626 411 1684; x_wconf 90' lang='lat' dir='ltr'>in</span> <span class='ocrx_word' id='word_1_68' title='bbox 420 1626 540 1703; x_wconf 91' lang='lat' dir='ltr'>reliquis</span> <span class='ocrx_word' id='word_1_69' title='bbox 552 1627 624 1685; x_wconf 90' lang='lat' dir='ltr'>artis</span> <span class='ocrx_word' id='word_1_70' title='bbox 636 1626 864 1702; x_wconf 87' lang='lat' dir='ltr'>antiquissimae</span> <span class='ocrx_word' id='word_1_71' title='bbox 875 1627 1089 1686; x_wconf 90' lang='lat' dir='ltr'>monumentis.</span> <span class='ocrx_word' id='word_1_72' title='bbox 1113 1624 1221 1702; x_wconf 88' lang='lat' dir='ltr'>Neque</span> <span class='ocrx_word' id='word_1_73' title='bbox 1234 1641 1305 1682; x_wconf 88' lang='lat' dir='ltr'>vero</span> <span class='ocrx_word' id='word_1_74' title='bbox 1318 1639 1438 1700; x_wconf 86' lang='lat' dir='ltr'>semper</span> 
     </span>
     <span class='ocr_line' id='line_1_12' title="bbox 296 1725 1437 1803; baseline -0.003 -16"><span class='ocrx_word' id='word_1_75' title='bbox 296 1726 424 1787; x_wconf 89' lang='lat' dir='ltr'>artifices</span> <span class='ocrx_word' id='word_1_76' title='bbox 433 1728 552 1786; x_wconf 90' lang='lat' dir='ltr'>veteres</span> <span class='ocrx_word' id='word_1_77' title='bbox 564 1728 681 1786; x_wconf 91' lang='lat' dir='ltr'>illorum</span> <span class='ocrx_word' id='word_1_78' title='bbox 691 1745 842 1787; x_wconf 89' lang='lat' dir='ltr'>armorum</span> <span class='ocrx_word' id='word_1_79' title='bbox 853 1729 912 1786; x_wconf 88' lang='lat' dir='ltr'>vim</span> <span class='ocrx_word' id='word_1_80' title='bbox 920 1729 1051 1787; x_wconf 89' lang='lat' dir='ltr'>divinam</span> <span class='ocrx_word' id='word_1_81' title='bbox 1064 1727 1233 1803; x_wconf 88' lang='lat' dir='ltr'>significare</span> <span class='ocrx_word' id='word_1_82' title='bbox 1244 1725 1348 1785; x_wconf 88' lang='lat' dir='ltr'>conati</span> <span class='ocrx_word' id='word_1_83' title='bbox 1358 1730 1437 1784; x_wconf 90' lang='lat' dir='ltr'>sunt.</span> 
     </span>
     <span class='ocr_line' id='line_1_13' title="bbox 297 1827 1437 1908; baseline -0.004 -20"><span class='ocrx_word' id='word_1_84' title='bbox 297 1828 483 1906; x_wconf 88' lang='lat' dir='ltr'>Crepidae</span> <span class='ocrx_word' id='word_1_85' title='bbox 494 1830 618 1908; x_wconf 91' lang='lat' dir='ltr'>quidem</span> <span class='ocrx_word' id='word_1_86' title='bbox 628 1830 728 1888; x_wconf 88' lang='lat' dir='ltr'>alatae</span> <span class='ocrx_word' id='word_1_87' title='bbox 740 1838 810 1890; x_wconf 92' lang='lat' dir='ltr'>sunt</span> <span class='ocrx_word' id='word_1_88' title='bbox 820 1832 851 1890; x_wconf 90' lang='lat' dir='ltr'>iu</span> <span class='ocrx_word' id='word_1_89' title='bbox 863 1831 988 1889; x_wconf 90' lang='lat' dir='ltr'>vasculo</span> <span class='ocrx_word' id='word_1_90' title='bbox 1002 1828 1197 1898; x_wconf 87' lang='lat' dir='ltr'>chalcidensi,</span> <span class='ocrx_word' id='word_1_91' title='bbox 1212 1829 1243 1886; x_wconf 91' lang='lat' dir='ltr'>iu</span> <span class='ocrx_word' id='word_1_92' title='bbox 1254 1827 1375 1903; x_wconf 86' lang='lat' dir='ltr'>reliquis</span> <span class='ocrx_word' id='word_1_93' title='bbox 1386 1843 1437 1885; x_wconf 89' lang='lat' dir='ltr'>au·</span> 
     </span>
     <span class='ocr_line' id='line_1_14' title="bbox 297 1910 1438 2009; baseline -0.004 -19"><span class='ocrx_word' id='word_1_94' title='bbox 297 1941 361 1991; x_wconf 89' lang='lat' dir='ltr'>tem</span> <span class='ocrx_word' id='word_1_95' title='bbox 375 1933 579 1991; x_wconf 88' lang='lat' dir='ltr'>monumentis</span> <span class='ocrx_word' id='word_1_96' title='bbox 595 1910 810 2009; x_wconf 60' lang='lat' dir='ltr'>antiduissimis</span> <span class='ocrx_word' id='word_1_97' title='bbox 827 1935 958 1991; x_wconf 87' lang='lat' dir='ltr'>eandem</span> <span class='ocrx_word' id='word_1_98' title='bbox 974 1933 1101 1990; x_wconf 86' lang='lat' dir='ltr'>formam</span> <span class='ocrx_word' id='word_1_99' title='bbox 1112 1931 1227 1989; x_wconf 87' lang='lat' dir='ltr'>habent</span> <span class='ocrx_word' id='word_1_100' title='bbox 1238 1939 1331 2006; x_wconf 89' lang='lat' dir='ltr'>atque</span> <span class='ocrx_word' id='word_1_101' title='bbox 1343 1929 1438 2005; x_wconf 88' lang='lat' dir='ltr'>crepi-</span> 
     </span>
     <span class='ocr_line' id='line_1_15' title="bbox 296 2020 1438 2111; baseline -0.004 -21"><span class='ocrx_word' id='word_1_102' title='bbox 296 2033 357 2090; x_wconf 88' lang='lat' dir='ltr'>dae</span> <span class='ocrx_word' id='word_1_103' title='bbox 379 2034 419 2092; x_wconf 90' lang='lat' dir='ltr'>ab</span> <span class='ocrx_word' id='word_1_104' title='bbox 444 2033 510 2092; x_wconf 90' lang='lat' dir='ltr'>aliis</span> <span class='ocrx_word' id='word_1_105' title='bbox 528 2033 667 2110; x_wconf 88' lang='lat' dir='ltr'>personis</span> <span class='ocrx_word' id='word_1_106' title='bbox 682 2042 833 2111; x_wconf 89' lang='lat' dir='ltr'>portatae.</span> <span class='ocrx_word' id='word_1_107' title='bbox 877 2032 957 2092; x_wconf 90' lang='lat' dir='ltr'>Unci</span> <span class='ocrx_word' id='word_1_108' title='bbox 972 2034 1053 2092; x_wconf 88' lang='lat' dir='ltr'>euim</span> <span class='ocrx_word' id='word_1_109' title='bbox 1068 2033 1131 2091; x_wconf 85' lang='lat' dir='ltr'>sive</span> <span class='ocrx_word' id='word_1_110' title='bbox 1146 2030 1275 2090; x_wconf 87' lang='lat' dir='ltr'>laciniae</span> <span class='ocrx_word' id='word_1_111' title='bbox 1290 2020 1438 2094; x_wconf 77' lang='lat' dir='ltr'>scorteae,</span> 
     </span>
     <span class='ocr_line' id='line_1_16' title="bbox 296 2133 1439 2212; baseline -0.004 -21"><span class='ocrx_word' id='word_1_112' title='bbox 296 2152 377 2210; x_wconf 88' lang='lat' dir='ltr'>quae</span> <span class='ocrx_word' id='word_1_113' title='bbox 393 2153 412 2192; x_wconf 98' lang='lat' dir='ltr'>e</span> <span class='ocrx_word' id='word_1_114' title='bbox 427 2134 569 2210; x_wconf 81' lang='lat' dir='ltr'>marginis</span> <span class='ocrx_word' id='word_1_115' title='bbox 585 2135 746 2211; x_wconf 90' lang='lat' dir='ltr'>superioris</span> <span class='ocrx_word' id='word_1_116' title='bbox 759 2143 848 2212; x_wconf 91' lang='lat' dir='ltr'>parte</span> <span class='ocrx_word' id='word_1_117' title='bbox 861 2135 1012 2194; x_wconf 88' lang='lat' dir='ltr'>anteriore</span> <span class='ocrx_word' id='word_1_118' title='bbox 1028 2143 1119 2211; x_wconf 90' lang='lat' dir='ltr'>atque</span> <span class='ocrx_word' id='word_1_119' title='bbox 1141 2133 1294 2191; x_wconf 89' lang='lat' dir='ltr'>interdum</span> <span class='ocrx_word' id='word_1_120' title='bbox 1316 2147 1333 2187; x_wconf 96' lang='lat' dir='ltr'>e</span> <span class='ocrx_word' id='word_1_121' title='bbox 1353 2138 1439 2207; x_wconf 90' lang='lat' dir='ltr'>parte</span> 
     </span>
     <span class='ocr_line' id='line_1_17' title="bbox 297 2232 1440 2315; baseline -0.005 -21"><span class='ocrx_word' id='word_1_122' title='bbox 297 2236 467 2312; x_wconf 87' lang='lat' dir='ltr'>posteriore</span> <span class='ocrx_word' id='word_1_123' title='bbox 490 2237 636 2315; x_wconf 85' lang='lat' dir='ltr'>pendent,</span> <span class='ocrx_word' id='word_1_124' title='bbox 657 2238 765 2296; x_wconf 90' lang='lat' dir='ltr'>iniuria</span> <span class='ocrx_word' id='word_1_125' title='bbox 786 2237 859 2296; x_wconf 88' lang='lat' dir='ltr'>mibi</span> <span class='ocrx_word' id='word_1_126' title='bbox 880 2256 899 2295; x_wconf 90' lang='lat' dir='ltr'>a</span> <span class='ocrx_word' id='word_1_127' title='bbox 919 2237 988 2294; x_wconf 86' lang='lat' dir='ltr'>viris</span> <span class='ocrx_word' id='word_1_128' title='bbox 1010 2235 1110 2294; x_wconf 92' lang='lat' dir='ltr'>doctis</span> <span class='ocrx_word' id='word_1_129' title='bbox 1132 2233 1278 2311; x_wconf 88' lang='lat' dir='ltr'>appellari</span> <span class='ocrx_word' id='word_1_130' title='bbox 1299 2232 1440 2290; x_wconf 87' lang='lat' dir='ltr'>videntur</span> 
     </span>
     <span class='ocr_line' id='line_1_18' title="bbox 299 2330 1439 2414; baseline -0.005 -20"><span class='ocrx_word' id='word_1_131' title='bbox 299 2336 377 2406; x_wconf 87' lang='lat' dir='ltr'>alae,</span> <span class='ocrx_word' id='word_1_132' title='bbox 398 2354 498 2414; x_wconf 89' lang='lat' dir='ltr'>neque</span> <span class='ocrx_word' id='word_1_133' title='bbox 513 2338 594 2396; x_wconf 91' lang='lat' dir='ltr'>enim</span> <span class='ocrx_word' id='word_1_134' title='bbox 609 2338 707 2397; x_wconf 90' lang='lat' dir='ltr'>solum</span> <span class='ocrx_word' id='word_1_135' title='bbox 719 2337 823 2398; x_wconf 86' lang='lat' dir='ltr'>Persei</span> <span class='ocrx_word' id='word_1_136' title='bbox 837 2338 978 2396; x_wconf 89' lang='lat' dir='ltr'>Mercurii</span> <span class='ocrx_word' id='word_1_137' title='bbox 992 2337 1078 2396; x_wconf 91' lang='lat' dir='ltr'>Iridis</span> <span class='ocrx_word' id='word_1_138' title='bbox 1095 2336 1213 2413; x_wconf 80' lang='lat' dir='ltr'>caligae</span> <span class='ocrx_word' id='word_1_139' title='bbox 1228 2334 1339 2393; x_wconf 90' lang='lat' dir='ltr'>talibus</span> <span class='ocrx_word' id='word_1_140' title='bbox 1354 2330 1439 2391; x_wconf 85' lang='lat' dir='ltr'>uncis</span> 
     </span>
     <span class='ocr_line' id='line_1_19' title="bbox 298 2416 1437 2516; baseline -0.004 -21"><span class='ocrx_word' id='word_1_141' title='bbox 298 2445 427 2495; x_wconf 90' lang='lat' dir='ltr'>ornatae</span> <span class='ocrx_word' id='word_1_142' title='bbox 442 2446 522 2516; x_wconf 84' lang='lat' dir='ltr'>sunt,</span> <span class='ocrx_word' id='word_1_143' title='bbox 544 2439 601 2496; x_wconf 90' lang='lat' dir='ltr'>sed</span> <span class='ocrx_word' id='word_1_144' title='bbox 617 2439 707 2498; x_wconf 90' lang='lat' dir='ltr'>etiam</span> <span class='ocrx_word' id='word_1_145' title='bbox 726 2427 1075 2516; x_wconf 56' lang='lat' dir='ltr'>aliamm&#39;personarum,</span> <span class='ocrx_word' id='word_1_146' title='bbox 1090 2438 1219 2496; x_wconf 88' lang='lat' dir='ltr'>velutin</span> <span class='ocrx_word' id='word_1_147' title='bbox 1232 2416 1437 2494; x_wconf 83' lang='lat' dir='ltr'>monumentis</span> 
     </span>
     <span class='ocr_line' id='line_1_20' title="bbox 297 2533 1439 2618; baseline -0.004 -24"><span class='ocrx_word' id='word_1_148' title='bbox 297 2538 410 2596; x_wconf 90' lang='lat' dir='ltr'>nostris</span> <span class='ocrx_word' id='word_1_149' title='bbox 425 2537 605 2614; x_wconf 86' lang='lat' dir='ltr'>Gorgonum</span> <span class='ocrx_word' id='word_1_150' title='bbox 620 2533 671 2616; x_wconf 86' lang='lat' dir='ltr'>(cf.</span> <span class='ocrx_word' id='word_1_151' title='bbox 681 2541 749 2617; x_wconf 76' lang='lat' dir='ltr'>Ka,</span> <span class='ocrx_word' id='word_1_152' title='bbox 766 2543 814 2611; x_wconf 81' lang='lat'>12,</span> <span class='ocrx_word' id='word_1_153' title='bbox 830 2537 894 2617; x_wconf 85' lang='grc'>14),</span> <span class='ocrx_word' id='word_1_154' title='bbox 910 2557 989 2618; x_wconf 89' lang='lat' dir='ltr'>quae</span> <span class='ocrx_word' id='word_1_155' title='bbox 1005 2557 1072 2598; x_wconf 89' lang='lat' dir='ltr'>cum</span> <span class='ocrx_word' id='word_1_156' title='bbox 1087 2539 1142 2597; x_wconf 90' lang='lat' dir='ltr'>alis</span> <span class='ocrx_word' id='word_1_157' title='bbox 1156 2537 1337 2597; x_wconf 89' lang='lat' dir='ltr'>umeralibus</span> <span class='ocrx_word' id='word_1_158' title='bbox 1350 2550 1439 2611; x_wconf 88' lang='lat' dir='ltr'>prae·</span> 
     </span>
     <span class='ocr_line' id='line_1_21' title="bbox 298 2636 1439 2718; baseline -0.002 -24"><span class='ocrx_word' id='word_1_159' title='bbox 298 2636 382 2696; x_wconf 86' lang='lat' dir='ltr'>ditae</span> <span class='ocrx_word' id='word_1_160' title='bbox 403 2639 470 2715; x_wconf 87' lang='lat' dir='ltr'>sint,</span> <span class='ocrx_word' id='word_1_161' title='bbox 485 2640 624 2699; x_wconf 89' lang='lat' dir='ltr'>nimimm</span> <span class='ocrx_word' id='word_1_162' title='bbox 638 2660 740 2700; x_wconf 88' lang='lat' dir='ltr'>carere</span> <span class='ocrx_word' id='word_1_163' title='bbox 754 2650 884 2718; x_wconf 89' lang='lat' dir='ltr'>possunt</span> <span class='ocrx_word' id='word_1_164' title='bbox 899 2641 953 2700; x_wconf 88' lang='lat' dir='ltr'>alis</span> <span class='ocrx_word' id='word_1_165' title='bbox 967 2641 1137 2717; x_wconf 86' lang='lat' dir='ltr'>pedalibus.</span> <span class='ocrx_word' id='word_1_166' title='bbox 1167 2638 1213 2697; x_wconf 91' lang='lat' dir='ltr'>Ne</span> <span class='ocrx_word' id='word_1_167' title='bbox 1227 2647 1301 2697; x_wconf 89' lang='lat' dir='ltr'>tunc</span> <span class='ocrx_word' id='word_1_168' title='bbox 1315 2636 1439 2714; x_wconf 91' lang='lat' dir='ltr'>quidem</span> 
     </span>
    </p>
   </div>
   <div class='ocr_carea' id='block_1_5' title="bbox 197 2730 1437 2821">
    <p class='ocr_par' dir='ltr' id='par_1_6' title="bbox 197 2730 1437 2821">
     <span class='ocr_line' id='line_1_22' title="bbox 197 2730 1437 2821; baseline -0.004 -20"><span class='ocrx_word' id='word_1_169' title='bbox 197 2796 200 2801; x_wconf 79' lang='grc'>,</span> <span class='ocrx_word' id='word_1_170' title='bbox 297 2740 359 2799; x_wconf 87' lang='lat' dir='ltr'>alas</span> <span class='ocrx_word' id='word_1_171' title='bbox 381 2758 550 2817; x_wconf 83' lang='lat' dir='ltr'>agnoscere</span> <span class='ocrx_word' id='word_1_172' title='bbox 572 2761 705 2819; x_wconf 91' lang='lat' dir='ltr'>possum,</span> <span class='ocrx_word' id='word_1_173' title='bbox 734 2763 804 2804; x_wconf 92' lang='lat' dir='ltr'>cum</span> <span class='ocrx_word' id='word_1_174' title='bbox 825 2745 954 2803; x_wconf 88' lang='lat' dir='ltr'>laciniae</span> <span class='ocrx_word' id='word_1_175' title='bbox 973 2745 1043 2803; x_wconf 92' lang='lat' dir='ltr'>illae</span> <span class='ocrx_word' id='word_1_176' title='bbox 1064 2744 1220 2821; x_wconf 89' lang='lat' dir='ltr'>plumatae</span> <span class='ocrx_word' id='word_1_177' title='bbox 1242 2758 1311 2800; x_wconf 91' lang='lat' dir='ltr'>esse</span> <span class='ocrx_word' id='word_1_178' title='bbox 1331 2730 1437 2798; x_wconf 88' lang='lat' dir='ltr'>viden·</span> 
     </span>
    </p>
   </div>
   <div class='ocr_carea' id='block_1_6' title="bbox 269 2840 1442 4136">
    <p class='ocr_par' dir='ltr' id='par_1_7' title="bbox 297 2840 1440 3025">
     <span class='ocr_line' id='line_1_23' title="bbox 297 2840 1440 2923; baseline -0.001 -24"><span class='ocrx_word' id='word_1_179' title='bbox 297 2849 355 2910; x_wconf 89' lang='lat' dir='ltr'>tur,</span> <span class='ocrx_word' id='word_1_180' title='bbox 386 2850 419 2899; x_wconf 93' lang='lat' dir='ltr'>ut</span> <span class='ocrx_word' id='word_1_181' title='bbox 440 2842 472 2901; x_wconf 90' lang='lat' dir='ltr'>in</span> <span class='ocrx_word' id='word_1_182' title='bbox 491 2844 521 2901; x_wconf 91' lang='lat' dir='ltr'><strong>K</strong></span> <span class='ocrx_word' id='word_1_183' title='bbox 546 2846 572 2916; x_wconf 91' lang='lat' dir='ltr'>l,</span> <span class='ocrx_word' id='word_1_184' title='bbox 599 2848 626 2915; x_wconf 87' lang='lat'>6,</span> <span class='ocrx_word' id='word_1_185' title='bbox 656 2865 727 2905; x_wconf 91' lang='lat' dir='ltr'>nam</span> <span class='ocrx_word' id='word_1_186' title='bbox 748 2847 877 2905; x_wconf 90' lang='lat' dir='ltr'>easdem</span> <span class='ocrx_word' id='word_1_187' title='bbox 897 2847 1021 2906; x_wconf 88' lang='lat' dir='ltr'>lacinias</span> <span class='ocrx_word' id='word_1_188' title='bbox 1042 2846 1193 2923; x_wconf 86' lang='lat' dir='ltr'>plumatas</span> <span class='ocrx_word' id='word_1_189' title='bbox 1214 2842 1325 2920; x_wconf 86' lang='lat' dir='ltr'>Apollo</span> <span class='ocrx_word' id='word_1_190' title='bbox 1348 2840 1440 2900; x_wconf 87' lang='lat' dir='ltr'>habet</span> 
     </span>
     <span class='ocr_line' id='line_1_24' title="bbox 297 2942 1319 3025; baseline 0.001 -25"><span class='ocrx_word' id='word_1_191' title='bbox 297 2943 334 3003; x_wconf 88' lang='lat' dir='ltr'>A.</span> <span class='ocrx_word' id='word_1_192' title='bbox 355 2943 385 3002; x_wconf 78' lang='lat' dir='ltr'>d</span> <span class='ocrx_word' id='word_1_193' title='bbox 407 2942 433 3019; x_wconf 90' lang='lat' dir='ltr'>J.</span> <span class='ocrx_word' id='word_1_194' title='bbox 458 2945 538 3006; x_wconf 83' lang='lat'>1856</span> <span class='ocrx_word' id='word_1_195' title='bbox 559 2947 619 3004; x_wconf 91' lang='lat' dir='ltr'>tab.</span> <span class='ocrx_word' id='word_1_196' title='bbox 643 2949 684 3008; x_wconf 90' lang='lat'>10</span> <span class='ocrx_word' id='word_1_197' title='bbox 695 2943 719 3025; x_wconf 61' lang='grc' dir='ltr'>Β,</span> <span class='ocrx_word' id='word_1_198' title='bbox 741 2948 790 3006; x_wconf 92' lang='lat' dir='ltr'>cui</span> <span class='ocrx_word' id='word_1_199' title='bbox 807 2967 900 3007; x_wconf 90' lang='lat' dir='ltr'>nemo</span> <span class='ocrx_word' id='word_1_200' title='bbox 920 2948 1032 3006; x_wconf 88' lang='lat' dir='ltr'>tribuet</span> <span class='ocrx_word' id='word_1_201' title='bbox 1054 2946 1194 3022; x_wconf 89' lang='lat' dir='ltr'>crepidas</span> <span class='ocrx_word' id='word_1_202' title='bbox 1215 2945 1319 3003; x_wconf 91' lang='lat' dir='ltr'>alatas.</span> 
     </span>
    </p>

    <p class='ocr_par' dir='ltr' id='par_1_8' title="bbox 269 3043 1442 4020">
     <span class='ocr_line' id='line_1_25' title="bbox 398 3043 1442 3125; baseline -0.003 -22"><span class='ocrx_word' id='word_1_203' title='bbox 398 3043 565 3117; x_wconf 90' lang='lat' dir='ltr'>Quomodo</span> <span class='ocrx_word' id='word_1_204' title='bbox 597 3049 797 3125; x_wconf 88' lang='lat' dir='ltr'>explicandae</span> <span class='ocrx_word' id='word_1_205' title='bbox 831 3051 891 3107; x_wconf 91' lang='lat' dir='ltr'>sint</span> <span class='ocrx_word' id='word_1_206' title='bbox 927 3049 1058 3108; x_wconf 91' lang='lat' dir='ltr'>laciniae</span> <span class='ocrx_word' id='word_1_207' title='bbox 1093 3047 1258 3123; x_wconf 87' lang='lat' dir='ltr'>plumatae,</span> <span class='ocrx_word' id='word_1_208' title='bbox 1295 3045 1442 3102; x_wconf 89' lang='lat' dir='ltr'>docemur</span> 
     </span>
     <span class='ocr_line' id='line_1_26' title="bbox 300 3145 1441 3223; baseline -0.002 -20"><span class='ocrx_word' id='word_1_209' title='bbox 300 3146 425 3204; x_wconf 91' lang='lat' dir='ltr'>vasculo</span> <span class='ocrx_word' id='word_1_210' title='bbox 460 3149 595 3223; x_wconf 90' lang='lat' dir='ltr'>quodam</span> <span class='ocrx_word' id='word_1_211' title='bbox 627 3151 720 3207; x_wconf 84' lang='lat' dir='ltr'>cruris</span> <span class='ocrx_word' id='word_1_212' title='bbox 754 3149 851 3208; x_wconf 87' lang='lat' dir='ltr'>forma</span> <span class='ocrx_word' id='word_1_213' title='bbox 877 3150 908 3208; x_wconf 92' lang='lat' dir='ltr'>in</span> <span class='ocrx_word' id='word_1_214' title='bbox 938 3167 1046 3208; x_wconf 90' lang='lat' dir='ltr'>museo</span> <span class='ocrx_word' id='word_1_215' title='bbox 1076 3146 1254 3207; x_wconf 88' lang='lat' dir='ltr'>academico</span> <span class='ocrx_word' id='word_1_216' title='bbox 1286 3145 1441 3204; x_wconf 88' lang='lat' dir='ltr'>Bouneusi</span> 
     </span>
     <span class='ocr_line' id='line_1_27' title="bbox 297 3245 1441 3327; baseline -0.004 -20"><span class='ocrx_word' id='word_1_217' title='bbox 297 3250 461 3309; x_wconf 74' lang='lat' dir='ltr'>asser&#39;vam.</span> <span class='ocrx_word' id='word_1_218' title='bbox 504 3250 550 3308; x_wconf 94' lang='lat' dir='ltr'>Ibi</span> <span class='ocrx_word' id='word_1_219' title='bbox 579 3253 661 3309; x_wconf 90' lang='lat' dir='ltr'>enim</span> <span class='ocrx_word' id='word_1_220' title='bbox 690 3253 823 3310; x_wconf 86' lang='lat' dir='ltr'>anterior</span> <span class='ocrx_word' id='word_1_221' title='bbox 849 3253 966 3327; x_wconf 88' lang='lat' dir='ltr'>caligae</span> <span class='ocrx_word' id='word_1_222' title='bbox 993 3269 1099 3326; x_wconf 86' lang='lat' dir='ltr'>margo</span> <span class='ocrx_word' id='word_1_223' title='bbox 1123 3258 1283 3326; x_wconf 86' lang='lat' dir='ltr'>superatur</span> <span class='ocrx_word' id='word_1_224' title='bbox 1308 3245 1441 3323; x_wconf 89' lang='lat' dir='ltr'>palmula</span> 
     </span>
     <span class='ocr_line' id='line_1_28' title="bbox 297 3349 1440 3429; baseline -0.003 -22"><span class='ocrx_word' id='word_1_225' title='bbox 297 3366 420 3424; x_wconf 88' lang='lat' dir='ltr'>magna.</span> <span class='ocrx_word' id='word_1_226' title='bbox 465 3349 573 3409; x_wconf 92' lang='lat' dir='ltr'>Talem</span> <span class='ocrx_word' id='word_1_227' title='bbox 601 3361 702 3410; x_wconf 87' lang='lat' dir='ltr'>autem</span> <span class='ocrx_word' id='word_1_228' title='bbox 724 3353 886 3429; x_wconf 88' lang='lat' dir='ltr'>palmulam</span> <span class='ocrx_word' id='word_1_229' title='bbox 919 3373 937 3411; x_wconf 91' lang='lat' dir='ltr'>a</span> <span class='ocrx_word' id='word_1_230' title='bbox 967 3353 1061 3411; x_wconf 85' lang='lat' dir='ltr'>latere</span> <span class='ocrx_word' id='word_1_231' title='bbox 1093 3359 1290 3425; x_wconf 87' lang='lat' dir='ltr'>conspectam</span> <span class='ocrx_word' id='word_1_232' title='bbox 1311 3364 1440 3406; x_wconf 88' lang='lat' dir='ltr'>necesse</span> 
     </span>
     <span class='ocr_line' id='line_1_29' title="bbox 269 3449 1442 3530; baseline -0.002 -22"><span class='ocrx_word' id='word_1_233' title='bbox 269 3490 271 3495; x_wconf 79' lang='lat'><em>·</em></span> <span class='ocrx_word' id='word_1_234' title='bbox 300 3458 346 3508; x_wconf 90' lang='lat' dir='ltr'>est</span> <span class='ocrx_word' id='word_1_235' title='bbox 372 3450 435 3508; x_wconf 88' lang='lat' dir='ltr'>fieri</span> <span class='ocrx_word' id='word_1_236' title='bbox 460 3469 571 3511; x_wconf 91' lang='lat' dir='ltr'>uncum</span> <span class='ocrx_word' id='word_1_237' title='bbox 594 3455 770 3529; x_wconf 88' lang='lat' dir='ltr'>plumatum,</span> <span class='ocrx_word' id='word_1_238' title='bbox 794 3457 914 3530; x_wconf 91' lang='lat' dir='ltr'>qualem</span> <span class='ocrx_word' id='word_1_239' title='bbox 936 3455 1074 3512; x_wconf 88' lang='lat' dir='ltr'>videmus</span> <span class='ocrx_word' id='word_1_240' title='bbox 1096 3454 1127 3510; x_wconf 94' lang='lat' dir='ltr'>in</span> <span class='ocrx_word' id='word_1_241' title='bbox 1149 3449 1356 3510; x_wconf 90' lang='lat' dir='ltr'>monumentis</span> <span class='ocrx_word' id='word_1_242' title='bbox 1376 3449 1442 3507; x_wconf 93' lang='lat' dir='ltr'>lau·</span> 
     </span>
     <span class='ocr_line' id='line_1_30' title="bbox 299 3549 1436 3631; baseline -0.002 -23"><span class='ocrx_word' id='word_1_243' title='bbox 299 3550 389 3611; x_wconf 79' lang='lat' dir='ltr'>datis,</span> <span class='ocrx_word' id='word_1_244' title='bbox 419 3552 497 3611; x_wconf 79' lang='lat' dir='ltr'>Alae</span> <span class='ocrx_word' id='word_1_245' title='bbox 512 3554 600 3628; x_wconf 83' lang='lat' dir='ltr'>igitur</span> <span class='ocrx_word' id='word_1_246' title='bbox 613 3555 744 3630; x_wconf 88' lang='lat' dir='ltr'>pedales</span> <span class='ocrx_word' id='word_1_247' title='bbox 759 3556 901 3631; x_wconf 86' lang='lat' dir='ltr'>propriae</span> <span class='ocrx_word' id='word_1_248' title='bbox 916 3556 1008 3613; x_wconf 86' lang='lat' dir='ltr'>fuisse</span> <span class='ocrx_word' id='word_1_249' title='bbox 1023 3555 1164 3613; x_wconf 89' lang='lat' dir='ltr'>videntur</span> <span class='ocrx_word' id='word_1_250' title='bbox 1179 3549 1436 3625; x_wconf 87' lang='lat' dir='ltr'>Chalcidensium,</span> 
     </span>
     <span class='ocr_line' id='line_1_31' title="bbox 299 3650 1440 3729; baseline 0 -20"><span class='ocrx_word' id='word_1_251' title='bbox 299 3653 349 3725; x_wconf 93' lang='lat' dir='ltr'>qui</span> <span class='ocrx_word' id='word_1_252' title='bbox 375 3653 419 3711; x_wconf 90' lang='lat' dir='ltr'>eis</span> <span class='ocrx_word' id='word_1_253' title='bbox 447 3671 556 3712; x_wconf 88' lang='lat' dir='ltr'>ornare</span> <span class='ocrx_word' id='word_1_254' title='bbox 575 3655 715 3714; x_wconf 89' lang='lat' dir='ltr'>solebant</span> <span class='ocrx_word' id='word_1_255' title='bbox 740 3657 813 3715; x_wconf 91' lang='lat' dir='ltr'>levis</span> <span class='ocrx_word' id='word_1_256' title='bbox 839 3665 1009 3715; x_wconf 88' lang='lat' dir='ltr'>armaturae</span> <span class='ocrx_word' id='word_1_257' title='bbox 1031 3656 1139 3715; x_wconf 90' lang='lat' dir='ltr'>milites</span> <span class='ocrx_word' id='word_1_258' title='bbox 1161 3656 1242 3714; x_wconf 88' lang='lat' dir='ltr'>velut</span> <span class='ocrx_word' id='word_1_259' title='bbox 1263 3671 1292 3712; x_wconf 94' lang='lat' dir='ltr'>e.</span> <span class='ocrx_word' id='word_1_260' title='bbox 1312 3671 1341 3729; x_wconf 89' lang='lat' dir='ltr'>g.</span> <span class='ocrx_word' id='word_1_261' title='bbox 1357 3650 1440 3709; x_wconf 86' lang='lat' dir='ltr'>Pari·</span> 
     </span>
     <span class='ocr_line' id='line_1_32' title="bbox 299 3751 1441 3835; baseline -0.003 -24"><span class='ocrx_word' id='word_1_262' title='bbox 299 3754 371 3812; x_wconf 90' lang='lat' dir='ltr'>dem</span> <span class='ocrx_word' id='word_1_263' title='bbox 381 3751 402 3815; x_wconf 76' lang='lat'>4.</span> <span class='ocrx_word' id='word_1_264' title='bbox 448 3754 650 3815; x_wconf 87' lang='lat' dir='ltr'>Confirmatur</span> <span class='ocrx_word' id='word_1_265' title='bbox 671 3758 729 3816; x_wconf 89' lang='lat' dir='ltr'>hac</span> <span class='ocrx_word' id='word_1_266' title='bbox 750 3776 783 3815; x_wconf 88' lang='lat' dir='ltr'>re</span> <span class='ocrx_word' id='word_1_267' title='bbox 798 3759 832 3815; x_wconf 94' lang='lat' dir='ltr'>id</span> <span class='ocrx_word' id='word_1_268' title='bbox 847 3760 931 3835; x_wconf 88' lang='lat' dir='ltr'>quod</span> <span class='ocrx_word' id='word_1_269' title='bbox 947 3758 1015 3816; x_wconf 84' lang='lat' dir='ltr'>aliis</span> <span class='ocrx_word' id='word_1_270' title='bbox 1031 3775 1155 3834; x_wconf 86' lang='lat' dir='ltr'>quoque</span> <span class='ocrx_word' id='word_1_271' title='bbox 1170 3757 1271 3816; x_wconf 85' lang='lat' dir='ltr'>causis</span> <span class='ocrx_word' id='word_1_272' title='bbox 1285 3755 1441 3831; x_wconf 85' lang='lat' dir='ltr'>probatur,</span> 
     </span>
     <span class='ocr_line' id='line_1_33' title="bbox 302 3851 1441 3935; baseline 0.003 -24"><span class='ocrx_word' id='word_1_273' title='bbox 302 3853 386 3912; x_wconf 85' lang='lat' dir='ltr'>Scuti</span> <span class='ocrx_word' id='word_1_274' title='bbox 396 3853 540 3914; x_wconf 90' lang='lat' dir='ltr'>Herculei</span> <span class='ocrx_word' id='word_1_275' title='bbox 554 3867 720 3926; x_wconf 85' lang='lat' dir='ltr'>auctorem,</span> <span class='ocrx_word' id='word_1_276' title='bbox 736 3860 788 3934; x_wconf 91' lang='lat' dir='ltr'>qui</span> <span class='ocrx_word' id='word_1_277' title='bbox 801 3860 883 3917; x_wconf 89' lang='lat' dir='ltr'>adeo</span> <span class='ocrx_word' id='word_1_278' title='bbox 895 3860 1003 3935; x_wconf 90' lang='lat' dir='ltr'>premit</span> <span class='ocrx_word' id='word_1_279' title='bbox 1015 3858 1119 3918; x_wconf 88' lang='lat' dir='ltr'>Persei</span> <span class='ocrx_word' id='word_1_280' title='bbox 1126 3852 1304 3932; x_wconf 85' lang='grc' dir='ltr'>πτερόεντα</span> <span class='ocrx_word' id='word_1_281' title='bbox 1317 3851 1441 3928; x_wconf 79' lang='grc' dir='ltr'>πέδιλα,</span> 
     </span>
     <span class='ocr_line' id='line_1_34' title="bbox 299 3957 1163 4020; baseline 0.007 -8"><span class='ocrx_word' id='word_1_282' title='bbox 299 3964 372 4013; x_wconf 91' lang='lat' dir='ltr'>aute</span> <span class='ocrx_word' id='word_1_283' title='bbox 394 3958 500 4015; x_wconf 90' lang='lat' dir='ltr'>oculos</span> <span class='ocrx_word' id='word_1_284' title='bbox 522 3957 664 4016; x_wconf 88' lang='lat' dir='ltr'>babuisse</span> <span class='ocrx_word' id='word_1_285' title='bbox 687 3960 758 4018; x_wconf 91' lang='lat' dir='ltr'>artis</span> <span class='ocrx_word' id='word_1_286' title='bbox 781 3962 931 4020; x_wconf 88' lang='lat' dir='ltr'>euboicae</span> <span class='ocrx_word' id='word_1_287' title='bbox 953 3969 1163 4019; x_wconf 89' lang='lat' dir='ltr'>monumenta.</span> 
     </span>
    </p>

    <p class='ocr_par' dir='ltr' id='par_1_9' title="bbox 398 4055 1441 4136">
     <span class='ocr_line' id='line_1_35' title="bbox 398 4055 1441 4136; baseline -0.003 -21"><span class='ocrx_word' id='word_1_288' title='bbox 398 4056 540 4116; x_wconf 86' lang='lat' dir='ltr'>Exeunte</span> <span class='ocrx_word' id='word_1_289' title='bbox 578 4060 702 4121; x_wconf 89' lang='lat' dir='ltr'>demum</span> <span class='ocrx_word' id='word_1_290' title='bbox 728 4061 893 4136; x_wconf 24' lang='lat' dir='ltr'>,nigramm</span> <span class='ocrx_word' id='word_1_291' title='bbox 933 4060 1095 4136; x_wconf 85' lang='lat' dir='ltr'>figurarum</span> <span class='ocrx_word' id='word_1_292' title='bbox 1136 4068 1201 4117; x_wconf 86' lang='lat' dir='ltr'>arte</span> <span class='ocrx_word' id='word_1_293' title='bbox 1237 4058 1317 4134; x_wconf 85' lang='lat' dir='ltr'>figuli</span> <span class='ocrx_word' id='word_1_294' title='bbox 1359 4055 1441 4115; x_wconf 88' lang='lat' dir='ltr'>attici</span> 
     </span>
    </p>
   </div>
   <div class='ocr_carea' id='block_1_7' title="bbox 398 4222 1211 4547">
    <p class='ocr_par' dir='ltr' id='par_1_10' title="bbox 399 4222 694 4280">
     <span class='ocr_line' id='line_1_36' title="bbox 399 4222 694 4280; baseline 0.003 -1"><span class='ocrx_word' id='word_1_295' title='bbox 399 4222 410 4260; x_wconf 88' lang='lat'><strong>¹</strong></span> <span class='ocrx_word' id='word_1_296' title='bbox 428 4230 470 4279; x_wconf 80' lang='lat' dir='ltr'>sc.</span> <span class='ocrx_word' id='word_1_297' title='bbox 489 4229 526 4278; x_wconf 88' lang='lat' dir='ltr'>H.</span> <span class='ocrx_word' id='word_1_298' title='bbox 545 4226 694 4280; x_wconf 63' lang='lat' dir='ltr'>ato-228.</span> 
     </span>
    </p>

    <p class='ocr_par' dir='ltr' id='par_1_11' title="bbox 398 4311 823 4384">
     <span class='ocr_line' id='line_1_37' title="bbox 398 4311 823 4384; baseline 0.012 -19"><span class='ocrx_word' id='word_1_299' title='bbox 398 4311 518 4368; x_wconf 72' lang='grc' dir='ltr'>2διΙιοΙ.</span> <span class='ocrx_word' id='word_1_300' title='bbox 536 4318 590 4381; x_wconf 89' lang='lat' dir='ltr'>Ap.</span> <span class='ocrx_word' id='word_1_301' title='bbox 610 4317 665 4368; x_wconf 96' lang='lat' dir='ltr'>Rh.</span> <span class='ocrx_word' id='word_1_302' title='bbox 684 4319 724 4367; x_wconf 88' lang='lat' dir='ltr'>IV</span> <span class='ocrx_word' id='word_1_303' title='bbox 745 4316 823 4384; x_wconf 70' lang='lat'><strong>1515.</strong></span> 
     </span>
    </p>

    <p class='ocr_par' dir='ltr' id='par_1_12' title="bbox 398 4399 1211 4547">
     <span class='ocr_line' id='line_1_38' title="bbox 398 4399 1211 4473; baseline 0.006 -20"><span class='ocrx_word' id='word_1_304' title='bbox 398 4399 493 4466; x_wconf 68' lang='lat' dir='ltr'>3Item</span> <span class='ocrx_word' id='word_1_305' title='bbox 512 4405 660 4469; x_wconf 82' lang='lat' dir='ltr'>sagittarius</span> <span class='ocrx_word' id='word_1_306' title='bbox 680 4404 883 4473; x_wconf 69' lang='lat' dir='ltr'>(Clytotoxusi)</span> <span class='ocrx_word' id='word_1_307' title='bbox 903 4408 1022 4457; x_wconf 86' lang='lat' dir='ltr'>Gerhard</span> <span class='ocrx_word' id='word_1_308' title='bbox 1041 4409 1075 4458; x_wconf 87' lang='lat' dir='ltr'>A.</span> <span class='ocrx_word' id='word_1_309' title='bbox 1095 4407 1129 4457; x_wconf 89' lang='lat' dir='ltr'>V.</span> <span class='ocrx_word' id='word_1_310' title='bbox 1151 4404 1211 4458; x_wconf 81' lang='lat'><strong>191.</strong></span> 
     </span>
     <span class='ocr_line' id='line_1_39' title="bbox 398 4490 733 4547; baseline 0.009 -3"><span class='ocrx_word' id='word_1_311' title='bbox 398 4490 547 4545; x_wconf 78' lang='lat' dir='ltr'>⁴Gerhard</span> <span class='ocrx_word' id='word_1_312' title='bbox 565 4498 599 4545; x_wconf 90' lang='lat' dir='ltr'>A.</span> <span class='ocrx_word' id='word_1_313' title='bbox 620 4495 653 4545; x_wconf 92' lang='lat' dir='ltr'>V.</span> <span class='ocrx_word' id='word_1_314' title='bbox 673 4493 733 4547; x_wconf 69' lang='lat'><strong>32⁴2.</strong></span> 
     </span>
    </p>
   </div>
   <div class='ocr_carea' id='block_1_8' title="bbox 0 0 1680 5042">
    <p class='ocr_par' dir='ltr' id='par_1_13' title="bbox 0 0 1680 5042">
     <span class='ocr_line' id='line_1_40' title="bbox 0 0 1680 5042; baseline 0 0"><span class='ocrx_word' id='word_1_315' title='bbox 0 0 1680 5042; x_wconf 95' lang='lat' dir='ltr'> </span> 
     </span>
    </p>
   </div>
  </div>
 </body>
</html>
