3334 5042
847 307 885 362 m.

697 485 775 546 Vuso
792 487 876 561 preto
896 487 946 561 rip.
969 486 1034 544 rub.

521 618 647 677 Perseus
669 618 818 678 Medusae
840 606 945 695 capite·
961 627 1078 695 satyros
1100 628 1202 689 terret.

390 774 418 832 3.
443 769 568 830 Cratera
594 770 625 828 in
646 769 812 829 Basilicata
841 779 971 847 reperta,
1003 772 1053 830 ed.
1076 770 1234 848 Millingen
1262 772 1357 848 peint.
1392 773 1432 830 de

288 891 375 932 vases
398 874 426 947 3,
448 871 612 948 Iughirami
632 890 715 932 mon.
737 880 791 931 etr.
813 871 842 928 V
864 875 913 934 43.
936 873 1016 951 Jahn
1038 873 1142 933 Philol.
1166 877 1205 934 27
1228 875 1292 934 tab.
1315 873 1329 932 I
1351 875 1379 933 3.

331 968 338 981 ”
386 973 513 1031 Perseus
540 973 695 1049 spectanti
714 975 860 1033 adversus
887 992 978 1033 manu
1007 976 1037 1035 d.
1060 975 1179 1034 sublata
1208 983 1293 1033 tenet
1316 974 1433 1052 Gorgo-

285 1092 378 1132 neum
392 1072 560 1150 pulchrum,
582 1085 604 1133 s,
622 1074 754 1132 demissa
768 1073 892 1151 harpen.
930 1074 1025 1148 Quod
1039 1075 1078 1132 ab
1098 1076 1164 1133 eius
1186 1078 1304 1135 cervice
1319 1077 1436 1152 pendet

286 1176 399 1251 pileum
420 1175 534 1233 alatum
565 1175 603 1232 ab
631 1174 756 1234 homine
786 1184 923 1235 nostrate
952 1177 1126 1235 restitutum
1155 1184 1209 1235 est.
1252 1175 1280 1236 S.
1310 1176 1434 1251 Satyrus

289 1277 331 1334 ad
352 1293 434 1352 genu
455 1275 624 1352 procubuit.
649 1279 676 1336 A
700 1279 730 1337 d.
755 1277 832 1336 alter
855 1277 989 1335 decurrit
1011 1286 1042 1334 et
1064 1277 1129 1352 ipse
1151 1276 1326 1338 concidens.

389 1379 418 1438 4.
442 1376 568 1451 Cratera
598 1380 694 1438 musei
716 1379 887 1438 Bonnensis
916 1398 1014 1456 nuper
1041 1379 1214 1455 Fontanae‚
1241 1380 1291 1438 ed.
1315 1377 1437 1437 Curtius

292 1480 441 1539 Herakles
464 1479 624 1556 derSatyr,
647 1480 748 1540 Berlin
764 1483 856 1543 1852.
880 1480 958 1558 Jahn
980 1481 999 1540 l.
1015 1499 1041 1538 c.
1065 1480 1153 1540 tabl
1177 1481 1204 1540 3.
1227 1479 1266 1541 cf.
1282 1480 1438 1556 Arch.·ep.

292 1581 374 1642 Mitt.
398 1601 425 1641 a.
449 1579 506 1640 Oe.
531 1583 611 1642 1878
632 1601 661 1659 p.
686 1585 799 1643 13211.
824 1583 892 1644 100.

389 1682 519 1742 Perseus
539 1683 631 1760 priori
646 1684 757 1757 similis,
782 1683 934 1743 Medusae
958 1692 1050 1759 caput
1066 1685 1215 1761 anguibus
1237 1683 1371 1742 cinctum
1385 1691 1440 1743 est.

289 1786 318 1846 A
345 1806 367 1844 s
391 1785 516 1864 Satyrus
534 1805 696 1847 accurrens
717 1791 821 1850 oeulos
843 1806 934 1847 manu
958 1787 1042 1865 tegit,
1078 1804 1115 1844 ex
1138 1788 1202 1844 eius
1222 1803 1315 1871 manu
1335 1785 1440 1844 taenia

293 1887 416 1946 humum
446 1890 538 1948 cadit.
582 1890 665 1948 Inter
691 1889 772 1949 hunc
804 1900 835 1947 et
857 1889 1002 1948 Perseum
1027 1888 1117 1947 arbor
1147 1897 1202 1950 est.
1225 1888 1252 1945 A
1275 1889 1305 1948 d.
1327 1894 1441 1945 noctua

290 1990 420 2048 advolat
444 2007 589 2049 coronam
610 1999 744 2067 portans.

391 2091 420 2149 5.
443 2090 568 2151 Cratera
590 2090 671 2150 Barii
694 2102 815 2169 reperta
835 2112 910 2152 mus.
933 2092 1089 2169 Petropol.
1112 2111 1141 2150 n.
1165 2093 1255 2150 1609.

390 2192 517 2250 Perseus
538 2201 569 2250 et
594 2194 717 2271 Satyrus
744 2195 894 2272 prioribus
921 2203 955 2252 nt
976 2195 1097 2252 videtur
1118 2192 1244 2270 similes3
1276 2192 1314 2251 ab
1342 2192 1437 2249 altere

287 2292 392 2353 Persei
414 2302 508 2370 parte·
527 2294 662 2355 Minerva
685 2306 754 2355 stat.

336 2581 377 2654 P.
407 2581 545 2660 Cetera
572 2592 829 2675 monumenta,
858 2581 997 2679 quibus
1023 2581 1182 2657 Perseus
1209 2577 1393 2656 Medusae

538 2698 764 2774 interfector
789 2710 1095 2798 repraesentatus
1122 2710 1189 2772 est.

536 2867 737 2927 Monumenta
759 2885 840 2944 quae
862 2884 900 2923 ex
922 2866 1029 2924 litteris
1050 2867 1195 2925 novimus.

389 3037 416 3078 a.
439 3018 474 3074 ln
484 3017 619 3092 Aegypti
639 3018 754 3093 oppido
768 3015 947 3075 Chemmide
960 3015 1063 3074 Persei
1085 3016 1230 3092 templum
1253 3035 1321 3074 cum
1336 3016 1436 3074 herois

288 3118 448 3179 simulacro
471 3126 536 3175 erat
559 3118 599 3178 cf.
623 3118 737 3177 Herod.
761 3118 790 3175 II
814 3121 862 3178 91.

387 3220 417 3279 b.
430 3218 607 3279 Parrhasius
621 3220 718 3295 pinxit
732 3215 774 3277 ‘in
787 3239 849 3279 nna
865 3220 970 3279 tabula
986 3238 1065 3296 quae
1080 3229 1126 3278 est
1135 3221 1236 3278 Rhodi
1248 3185 1434 3294 Meleagrum

289 3318 464 3378 Herculem'
477 3306 608 3379 Persea'.
632 3320 707 3380 Plin.
732 3323 782 3397 35,
805 3324 854 3382 69.

695 3510 755 3571 Vas
771 3512 885 3584 pium
904 3512 953 3586 rip.
974 3514 1037 3570 rub.

388 3643 415 3699 1.
439 3638 564 3698 Cratera
586 3643 713 3720 apulica,
737 3645 788 3704 ed.
810 3645 971 3721 Millingen
1001 3663 1086 3704 vases
1107 3644 1226 3721 Coghill
1249 3646 1309 3704 tab.
1334 3646 1383 3711 28,
1408 3647 1435 3701 1.

387 3739 514 3799 Perseus
527 3743 557 3801 d.
575 3741 695 3813 falcem,
717 3764 739 3804 s,
763 3746 885 3804 hastam
908 3746 1019 3804 umeris
1035 3745 1188 3804 acclinans
1210 3747 1253 3804 ad
1267 3745 1434 3804 Minervam

290 3842 426 3902 accurrit.

727 4008 853 4082 Speculo
876 4014 999 4069 etrusca.

387 4142 415 4198 2.
438 4140 516 4202 Mus.
540 4141 649 4211 Berol.,
670 4143 703 4202 B.
727 4162 754 4203 a
769 4144 802 4202 B.
827 4145 855 4201 Π
878 4147 950 4213 141,
973 4147 1023 4204 ed.
1041 4144 1183 4203 Gerhard
1205 4145 1241 4203 E.
1264 4143 1321 4220 Sp.·
1338 4143 1366 4199 V
1383 4146 1432 4203 71.

387 4242 515 4300 Perseus
537 4244 568 4300 in
601 4261 675 4303 saxo
697 4248 787 4304 sedet
809 4265 832 4305 S.
857 4246 966 4306 falcem
999 4255 1124 4316 tenens3
1158 4248 1187 4305 d.
1211 4246 1388 4315 Mercurius,
1410 4265 1432 4309 s.

287 4345 401 4402 iuvenis
423 4345 530 4402 hastae
552 4345 670 4403 innixus
692 4355 783 4405 stant.
