3334 5042
647 428 870 495 ..31-

174 625 221 685 est
244 622 639 701 momenti‚'simulacrum
663 624 746 708 quod
764 624 874 709 Argivi
889 646 948 709 pro
970 626 1060 708 siguo
1077 623 1213 710 'lhojano
1235 624 1344 688 vendi·

173 732 323 791 taverunt
369 730 491 793 nullum
519 730 626 795 ¹aliud
676 728 774 794 fuisse
817 751 915 816 quam
962 731 1125 797 Minervae
1169 731 1343 815 Oxydercis

174 832 321 918 effigiem.

262 1028 329 1093 Nec
352 1029 477 1094 fabulas
503 1031 637 1116 Argivas
661 1033 777 1115 quibus
793 1031 973 1097 Palladium
996 1055 1015 1097 a
1037 1031 1191 1097 Diomede
1213 1036 1343 1117 raptum

173 1157 238 1199 esse
261 1135 489 1219 perhibebatur
511 1139 544 1200 in
569 1138 710 1202 carmina
733 1139 823 1222 opica
847 1139 1028 1222 pervenisse
1051 1141 1219 1223 quisquam
1248 1142 1343 1204 mira·

174 1242 268 1319 bitur,
294 1266 366 1309 cum
390 1264 443 1307 eas
463 1245 528 1328 jam
553 1250 648 1308 antea
671 1246 746 1310 satis
770 1244 916 1330 vulgatas
938 1243 1036 1310 fuisse
1059 1268 1099 1309 ex
1119 1244 1344 1310 Atheniensium

174 1350 409 1414 narrationibus
436 1356 598 1434 appareat.
643 1348 726 1415 Nam
752 1351 835 1415 baud
853 1351 985 1415 dubium
1013 1352 1092 1416 mihi
1116 1351 1241 1416 videtur
1265 1352 1343 1435 quin

173 1476 244 1520 cum
269 1455 395 1537 Argivis
423 1456 584 1522 simultate
607 1459 687 1523 moti
708 1457 830 1522 suerint
846 1456 1057 1522 Athenienses
1080 1462 1117 1522 ut
1140 1457 1269 1540 palladii
1293 1459 1342 1522 sui

175 1562 338 1645 cujusdam
366 1564 520 1647 originem
549 1564 611 1646 ipsi
638 1563 731 1648 Troja
754 1565 952 1648 repetierint.
991 1563 1120 1628 Etenim
1156 1563 1235 1629 baec
1266 1586 1343 1629 cou-

172 1668 276 1732 tentio
300 1670 332 1732 iu
356 1668 504 1733 omnibus
526 1690 634 1735 eorum
653 1671 890 1735 narrationibus
905 1670 1106 1753 apertissime
1122 1691 1269 1755 expressa
1285 1676 1341 1736 eet.

173 1774 277 1859 Atque
312 1774 387 1839 inde
423 1775 555 1840 fabellas
593 1777 664 1841 illas
695 1778 733 1845 de
757 1777 881 1841 duobus
905 1776 1057 1841 Palladiis
1080 1800 1099 1840 a
1122 1777 1276 1843 Diomede
1310 1783 1343 1842 et

173 1880 266 1944 Vlixe
289 1883 386 1965 raptis
410 1887 497 1946 ortas
520 1905 585 1947 esse
608 1906 703 1968 supra
727 1885 859 1948 ostendi.

263 1988 311 2051 hx
334 2010 371 2052 eo
393 1993 499 2053 autem
524 1990 610 2074 quod
633 1992 761 2075 signum
777 1990 953 2075 Trojanum
969 1990 1103 2054 Athenis
1126 2013 1190 2055 non
1213 1993 1246 2055 iu
1270 2013 1342 2055 arce

173 2093 423 2160 conservabatur
457 2104 593 2181 apparet
628 2097 840 2162 Athenienses
875 2098 907 2162 id
943 2117 1109 2182 nunquam
1144 2097 1257 2162 salutis
1293 2097 1343 2161 vel

174 2202 322 2266 fortunae
344 2224 418 2266 suae
442 2203 559 2288 pignus
583 2205 740 2269 babuisse.
786 2206 890 2268 Immo
914 2210 950 2267 ut
972 2203 1068 2287 hujus
1085 2203 1244 2268 Minervae
1261 2224 1343 2287 quae

173 2329 235 2373 una
258 2330 330 2372 cum
348 2308 427 2373 Jove
452 2309 540 2375 culta
564 2316 632 2375 erat
654 2310 858 2374 simulacrum
883 2331 941 2393 pro
964 2310 1056 2394 siguo
1080 2309 1218 2393 Trojano
1241 2309 1342 2374 habe·

172 2419 245 2479 rent
267 2415 400 2479 fortasse
425 2417 512 2480 nulla
534 2417 596 2481 alia
619 2440 652 2480 re
675 2418 754 2481 moti
783 2421 869 2492 sunt,
899 2416 960 2480 nisi
991 2418 1077 2500 quod
1107 2418 1135 2481 ei
1163 2417 1342 2499 antiquitus

170 2543 286 2586 nomen
315 2522 448 2587 Palladii
471 2521 674 2588 adhaerebat.

260 2630 294 2694 Si
317 2651 401 2693 nunc
424 2628 464 2692 ad
481 2639 588 2714 poetas
612 2630 753 2694 venimus
778 2631 832 2712 qui
857 2629 1002 2694 fabulam
1030 2631 1063 2692 iu
1088 2629 1230 2692 carmina
1254 2630 1343 2713 epioa

160 2736 432 2812 introduxerunt,
469 2736 547 2799 duas
583 2758 631 2799 res
665 2741 914 2800 consentaneum
944 2742 992 2799 est
1019 2735 1064 2799 eis
1087 2735 1245 2819 imprimis
1269 2757 1341 2818 pro·

171 2844 290 2926 positas
305 2842 414 2907 fuisse:
439 2843 573 2926 primuni
601 2849 638 2907 ut
659 2847 788 2927 raptum
811 2843 990 2907 accuratius
1010 2841 1221 2925 depingerent
1236 2841 1341 2905 novis·

173 2971 233 3031 qne
257 2949 440 3016 fictionibus
465 2954 667 3027 exornarent,
697 2949 812 3013 deinde
838 2952 873 3011 ut
896 2968 1009 3012 novam
1033 2949 1250 3013 narrationem
1270 2970 1342 3012 cum

172 3057 285 3120 ceteris
310 3055 428 3120 fabulis
452 3076 472 3119 a
495 3077 528 3119 se
552 3053 718 3138 descriptis
742 3053 961 3120 conciliarent.

262 3161 313 3226 Sic
347 3161 556 3246 probabiliter
589 3162 631 3224 ab
671 3161 715 3225 eis
750 3162 912 3245 adjectum
942 3166 991 3225 est
1013 3160 1193 3225 Palladium
1216 3160 1341 3244 rapien-

172 3268 248 3331 dum
293 3290 359 3332 esse
398 3267 557 3331 Helenum
605 3268 780 3351 prodidisse
825 3268 943 3352 quippe
992 3268 1046 3352 qui
1097 3267 1227 3331 omnino
1277 3267 1342 3331 fata

172 3374 312 3458 Trojaua
338 3374 497 3457 aperuisse
524 3374 692 3438 diceretur.
741 3372 923 3438 Verisimile
948 3373 1063 3438 deiude
1086 3373 1212 3437 videtur
1234 3374 1267 3437 in
1292 3374 1342 3437 his

173 3481 311 3563 primum
349 3480 541 3545 carminibus
577 3479 704 3543 Vlixem
739 3479 886 3544 Diomedi
921 3479 1070 3544 comitem
1109 3480 1220 3544 datum
1266 3502 1340 3545 esse.

172 3585 252 3649 'lum
300 3586 370 3649 rixa
414 3588 500 3650 inter
547 3586 657 3651 heroes
704 3585 872 3649 redeuntes
918 3591 990 3650 orta
1035 3586 1243 3669 probabiliter
1280 3587 1343 3652 huc

173 3693 322 3775 pertinet.

260 3797 329 3874 Quo
357 3803 500 3883 tempore
525 3803 635 3863 autem
670 3799 778 3883 opinio
801 3797 962 3862 exstiterit
997 3797 1127 3881 Trojam
1161 3799 1342 3883 expugnari

173 3924 235 3969 uon
260 3926 349 3986 posse
374 3906 434 3969 nisi
457 3904 600 3969 Palladio
625 3910 744 3989 erepto,
769 3908 867 3989 atque
890 3926 966 3967 num
988 3905 1054 3987 jam
1070 3905 1104 3967 in
1119 3904 1222 3969 Iliade
1244 3926 1342 3990 parva

172 4012 335 4075 oraculum
375 4009 525 4075 Dardano
564 4011 684 4075 editum
724 4016 1009 4075 commemoratum
1045 4011 1089 4074 sit
1124 4009 1258 4075 difficile
1289 4017 1342 4075 ¹est

172 4117 268 4181 dictu.
315 4114 581 4199 Antiquissimum
605 4117 824 4182 testimonium
848 4117 933 4200 apud
959 4117 1185 4181 Antisthenem
1210 4114 1283 4193 (Od.
1307 4112 1343 4199 3)

173 4228 289 4288 exstat.
337 4220 419 4288 Vide
447 4224 560 4288 deinde
587 4223 738 4287 Plautum
762 4220 891 4309 (Bacch.
916 4222 981 4288 953
1005 4223 1069 4307 sq.)
1099 4222 1155 4306 qui
1185 4244 1242 4286 sua
1269 4243 1342 4305 pro·

1148 4362 1166 4417 6
