3334 5042
794 265 837 332 25

708 357 922 367 ——a-

229 465 426 553 Tegeatae
454 476 490 531 ut
517 486 682 530 summum
711 462 801 529 urbis
830 486 910 529 suae
939 464 1140 551 praesidium
1171 465 1293 529 crinem
1320 462 1403 531 Gor·

228 578 323 660 gonis
348 573 598 656 venerabantur,
625 589 689 659 quo
713 571 863 636 hostibus
889 572 1020 637 obtento
1044 573 1214 637 victoriam
1245 570 1403 636 ferebant.

228 683 293 747 Hic
317 684 417 746 crinis
447 679 625 767 intemplo
649 679 818 744 Minervae
843 684 996 761 Πολιάδος
1019 688 1097 758 erat,
1123 680 1211 766 quod
1235 679 1276 744 ob
1300 679 1334 743 id
1357 680 1404 766 ip·

229 812 303 854 sum
327 791 424 853 etiam
451 795 488 857 τὸ
518 800 573 857 τοῦ
598 792 749 880 ἐρύματος
771 792 851 879 ἱερόν
875 797 1025 851 vocatum
1051 810 1126 851 esse
1155 789 1306 873 apparets
1346 786 1405 850 Mi·

228 918 332 960 nerva
365 906 473 959 autem
499 896 622 958 crinem
655 893 746 958 illum
770 893 914 958 donasse
942 892 1119 958 dicebatur.
1131 893 1154 979 ¹)
1201 893 1304 959 Cuius
1329 893 1406 958 doni

229 1003 395 1089 Gorgonis
412 1001 549 1067 caedem
573 1002 798 1066 condicionem
817 1023 893 1065 esse
911 1010 1027 1086 sponte
1052 1010 1196 1087 apparet.
1233 1002 1302 1065 Neo
1327 1023 1405 1064 vero

231 1121 336 1175 utrum
360 1109 511 1174 Minerva
534 1110 607 1195 ipsa
631 1130 704 1172 eam
729 1109 928 1173 commiserit
951 1130 1067 1190 necne,
1093 1110 1268 1195 quicquam
1295 1118 1406 1172 nostra

230 1218 339 1283 refert.
388 1217 462 1281 Hoc
494 1228 603 1281 autem
637 1217 815 1281 maximum
845 1226 894 1279 est
923 1216 1077 1301 Tegeatis
1109 1216 1211 1280 caede
1242 1215 1406 1302 Gorgonis

230 1326 431 1412 praesidium
457 1323 547 1388 urbis
572 1322 743 1408 obtigisse.
776 1323 859 1388 lnde
877 1324 961 1387 enim
986 1322 1133 1408 intellegi
1156 1332 1265 1410 potest
1289 1324 1406 1409 capitis

232 1434 431 1497 monstruosi
466 1431 690 1496 desectionem
725 1452 790 1495 non
826 1442 927 1513 ortus,
967 1430 1027 1494 sed
1066 1454 1127 1494 sua
1165 1432 1270 1517 ipsius
1306 1453 1408 1495 causa

231 1540 452 1604 necessariam
476 1539 590 1603 luisse.
636 1539 757 1623 Pegasi
781 1560 859 1602 vero
884 1540 917 1602 in
941 1538 1003 1601 hac
1036 1537 1147 1602 fabula
1173 1537 1263 1602 nulla
1286 1539 1407 1602 mentio

232 1647 277 1710 fit.
323 1646 439 1733 Neque
474 1648 508 1730 in
542 1645 613 1709 aliis
638 1645 826 1730 Tegeatiois
862 1644 984 1709 fabulis
1019 1654 1075 1709 aut
1108 1647 1181 1731 ipse
1205 1655 1260 1709 aut
1282 1644 1407 1730 figurae
1449 1728 1451 1731 Ι

233 1762 301 1819 arte
320 1777 394 1817 cum
410 1754 473 1817 hoc
490 1775 646 1834 conexae,
665 1744 701 1818 ut
716 1751 989 1838 Bellerophontes
1007 1764 1038 1816 et
1054 1750 1238 1828 Chimaera,
1265 1774 1408 1838 unquam

191 1898 197 1909 κ
232 1863 449 1948 reperiuntur.
482 1860 584 1946 Atqui
607 1859 772 1925 nonnullis
790 1862 869 1924 viris
895 1860 999 1924 doctis
1017 1859 1194 1944 Tegeatica
1211 1882 1253 1924 ex
1268 1859 1407 1944 Argivo·

233 1991 305 2033 rum
332 1966 458 2032 fabula·
473 1970 507 2031 in
532 1990 596 2054 qua
618 1968 761 2032 Perseus
788 1966 977 2051 Gorgonem
1003 1967 1166 2031 cecidisse
1191 1967 1303 2049 fertur,
1330 1989 1408 2052 pen·

235 2076 312 2140 dere
336 2075 510 2160 videtur.²)
543 2076 616 2139 Hoc
639 2084 675 2139 ut
690 2074 868 2139 verisimile
893 2085 953 2156 est,
968 2076 1011 2138 ita
1033 2073 1114 2139 illud
1139 2097 1177 2138 eo
1201 2076 1335 2158 gravius
1360 2083 1410 2137 est

234 2183 353 2267 Pegasi
377 2182 517 2266 figuram
534 2184 567 2245 in
590 2180 704 2247 fabula
719 2183 899 2267 Tegeatica
922 2182 1052 2246 deesse.
1098 2182 1183 2246 Num
1200 2182 1271 2246 fieri
1296 2183 1409 2267 potuit,

235 2299 270 2354 ut
291 2289 411 2353 fabella
440 2290 481 2354 de
516 2290 596 2354 fisso
621 2290 711 2354 Iovis
741 2292 847 2377 capite
878 2299 950 2354 ortu
976 2290 1143 2353 Minervae
1178 2292 1409 2375 praetermisso

234 2397 487 2465 transferretur?
511 2398 655 2463 Minime.
689 2396 802 2462 Altera
826 2408 934 2461 autem
951 2396 1063 2460 fabula
1086 2408 1183 2483 atque
1202 2420 1265 2482 qua
1289 2396 1411 2460 diserte

234 2504 392 2569 Medusae
410 2505 530 2569 caedes
547 2515 706 2583 narratur,
732 2506 866 2570 Attica
890 2515 949 2587 est,
975 2506 1079 2590 primo
1098 2504 1140 2567 ab
1156 2503 1315 2589 Euripide
1339 2525 1411 2589 pro·

235 2612 345 2697 latal)
391 2612 500 2698 Atque
523 2612 672 2676 Minerva
709 2612 898 2699 Gorgonem
934 2612 1141 2676 interfecisse
1177 2614 1290 2676 lertur.
1338 2611 1411 2692 Quo

236 2731 345 2784 tamen
370 2743 444 2785 cum
469 2720 615 2784 facinore
639 2720 673 2784 in
697 2719 785 2784 nullo
810 2744 873 2785 nec
901 2720 1081 2784 litterarum
1103 2743 1166 2783 neo
1194 2722 1274 2784 artis
1297 2741 1411 2783 mouu-

237 2838 345 2892 mento
369 2827 490 2913 Pegasi
525 2838 615 2892 ortus
652 2830 845 2893 coniunctus
871 2837 930 2891 est.
979 2827 1076 2907 Quod
1110 2830 1189 2891 item
1217 2827 1337 2891 indicio
1362 2836 1413 2891 est

236 2934 372 2999 caedem
401 2935 560 3000 Medusae
592 2946 624 2998 et
653 2937 773 3020 Pegasi
798 2937 958 3020 originem
982 2935 1086 3020 primo
1111 2935 1242 2999 omnino
1268 2957 1334 2998 non
1358 2957 1410 2998 co-

237 3040 430 3126 haesisse.4)

324 3149 433 3234 Atque
459 3149 574 3213 eadem
592 3173 666 3214 cum
683 3172 718 3213 re
736 3149 868 3214 fabulae
886 3149 1010 3213 similes
1026 3149 1101 3235 plus
1119 3148 1223 3213 semel
1246 3147 1411 3213 adhibitae

237 3255 291 3339 (of.
317 3279 347 3341 p.
366 3257 386 3319 4
404 3259 467 3342 sq.)
492 3260 613 3343 optime
638 3260 847 3322 conveniunt.
894 3258 979 3321 Nam
1003 3279 1044 3321 ne
1069 3259 1102 3320 in
1126 3279 1191 3320 una
1215 3256 1347 3342 quidem
1371 3278 1412 3319 ex

237 3362 300 3427 illis
325 3373 415 3428 ortus
439 3366 577 3449 pervim
596 3388 635 3428 ac
659 3365 761 3430 caede
786 3367 898 3429 matris
924 3364 1095 3428 confectus
1120 3386 1195 3427 esse
1219 3364 1412 3450 narratur·.⁵)

327 3524 347 3588 ¹)
367 3521 407 3575 of.
422 3540 551 3584 nummos
562 3523 730 3592 Tegeatioos
750 3526 850 3592 quarto
869 3524 915 3577 vel
934 3522 1083 3591 posteriori
1102 3522 1213 3576 saeculo
1231 3523 1413 3583 tribuendos;

237 3612 325 3665 Head.
338 3611 372 3664 H.
386 3611 419 3664 N.
433 3630 460 3680 p.
471 3611 537 3675 380;
562 3612 724 3680 ‚,Apollod.“
739 3613 808 3666 bibl.
819 3612 849 3666 ΙΙ
859 3612 915 3683 7‚3;
938 3613 1057 3667 Pausan.
1068 3612 1222 3681 v11147‚4;
1243 3611 1412 3673 Schwedlen

240 3701 377 3755 derebus
397 3701 565 3769 Tegeatide,
585 3701 708 3770 Leipzig.
729 3701 808 3755 Stud.
829 3703 868 3756 lX
888 3702 980 3769 (1886)
999 3722 1026 3771 p.
1046 3701 1155 3773 290191.

328 3792 351 3860 ⁶²)
371 3791 401 3844 Ο.
421 3791 546 3861 Mueller,
566 3791 656 3845 Klein.
677 3791 790 3846 Schrift.
811 3791 840 3845 ΙΙ
857 3812 884 3862 p.
905 3791 969 3856 171;
989 3794 1110 3862 Gruppe‚
1132 3791 1242 3846 Grieoh.
1263 3791 1379 3860 Mythol.
1399 3791 1413 3843 I

238 3900 265 3950 p.
285 3881 346 3934 204.

329 3970 349 4037 ³)
360 3968 489 4038 Singulos
499 3970 574 4023 locos
584 3987 669 4039 supra
677 3988 705 4038 p.
718 3970 787 4023 1511.
800 3971 814 4022 1
825 3969 978 4026 attulimus.
995 3969 1095 4023 Caedis
1105 3987 1168 4024 oum
1179 3969 1414 4038 Gigantomaohia

240 4058 399 4113 coniunctio
416 4059 566 4128 posteriori
586 4059 673 4113 aetati
691 4059 843 4114 tribuenda
856 4064 911 4126 est3
932 4059 967 4113 of.
984 4060 1047 4114 Max
1069 4059 1175 4128 Meyer,
1196 4059 1337 4128 Giganten
1356 4060 1414 4112 und

240 4147 361 4203 'Pitanen
381 4147 473 4216 (1887)
492 4167 519 4218 p.
540 4147 604 4213 189;
624 4166 650 4201 v.
670 4147 866 4211 Wilamowitz,
887 4147 1037 4201 Heracles²
1056 4147 1083 4200 II
1101 4166 1127 4216 p.
1150 4146 1207 4202 198.

328 4239 349 4306 ⁴)
368 4237 461 4306 Equus
480 4238 537 4292 ales
556 4237 586 4292 in
604 4239 693 4308 galea,
720 4241 811 4308 scuto,
835 4238 904 4292 solio
924 4237 1077 4294 Minervae¹
1089 4254 1237 4306 expressus
1254 4254 1313 4291 non
1332 4228 1414 4291 huius

240 4327 293 4381 loci
313 4329 364 4394 est,
384 4328 434 4380 sed
453 4326 520 4379 alibi
539 4328 718 4382 tractabitur.

330 4417 351 4484 ⁶)
372 4416 432 4481 Qua
450 4415 631 4470 similitudine
651 4418 726 4471 nisus
745 4416 802 4471 iam
821 4415 1006 4471 Milohhoefer
1025 4416 1178 4485 collegerat
1198 4417 1298 4485 Pegasi
1318 4419 1414 4474 ortum

242 4524 259 4560 a
278 4507 414 4576 Gorgonis
434 4506 521 4559 caede
550 4508 640 4575 primo
665 4507 789 4560 alienum
813 4505 914 4569 fuisso;
942 4506 976 4560 cf.
997 4506 1080 4561 Arch.
1101 4506 1161 4575 Ztg.
1182 4506 1299 4559 XXXIX
1319 4506 1413 4577 (1881)

242 4615 268 4669 p.
289 4595 340 4649 281
360 4614 414 4665 sq.;
434 4594 580 4666 Anfaenge
598 4615 625 4667 p.
646 4596 688 4650 62.
