3334 5042
850 264 870 327 8

182 493 184 497 ·
270 457 345 520 dam
382 456 524 521 caeleste
559 479 698 543 regnum
734 458 916 523 obtinuisse
951 481 1016 523 uno
1053 483 1071 524 e
1108 453 1248 526 tridente
1278 465 1446 528 conicitur.

268 564 366 627 Hunc
395 574 504 627 tamen
539 586 605 628 non
633 564 675 628 ad
706 563 841 647 fulmen,
872 565 932 630 sed
963 565 1005 630 ad
1041 565 1208 631 hamatum
1243 570 1446 654 piscatorum

266 670 407 735 iaculum
442 669 649 735 referendum
686 694 762 736 esse
796 675 867 737 iure
903 696 991 737 nunc
1027 672 1068 737 ab
1104 674 1256 740 omnibus
1286 678 1445 743 statuitur.

267 779 446 842 Praeterea
474 788 506 841 et
533 780 566 843 in
596 781 699 843 sacris
725 781 814 844 etin
837 778 958 844 fabulis
983 802 1059 844 cnm
1083 802 1168 866 equo
1192 791 1352 870 tauroque
1377 795 1447 850 arte

272 884 434 966 cohaeret,
461 906 628 971 nunquam
656 909 730 950 cum
755 909 816 950 ave
843 887 984 973 quadam
1008 889 1203 952 coniunctus
1229 900 1287 955 est.
1337 889 1447 970 Quare

267 991 392 1056 Dilthei
422 993 565 1078 opinioni
592 992 673 1056 nihil
695 992 809 1058 lavere
833 995 992 1058 videmus.
1041 995 1157 1081 Neque
1184 998 1288 1081 magis
1306 998 1446 1063 Medusa

269 1121 370 1164 causa
394 1121 469 1164 csse
493 1101 607 1185 potuit,
627 1123 685 1163 cur
700 1101 873 1187 Neptunus
890 1103 922 1165 in
940 1124 1036 1166 avem
1054 1112 1310 1169 converteretur.
1357 1106 1446 1170 Loco

266 1207 365 1291 igitur
387 1204 442 1270 illc
468 1205 580 1271 Ovidii
604 1210 859 1272 vetustissimam
895 1208 1040 1273 fabulam
1078 1212 1237 1275 contineri
1260 1213 1447 1297 negandum

268 1322 327 1378 est.
367 1312 451 1377 Avis
471 1324 581 1378 autem
605 1316 734 1400 species
752 1338 790 1379 eo
808 1315 945 1380 consilio
965 1316 1118 1403 Neptuno
1143 1318 1246 1383 indita
1269 1341 1344 1384 esse
1368 1321 1448 1384 mihi

267 1420 407 1503 videtur,
432 1430 467 1484 ut
490 1420 561 1485 alae
585 1422 704 1506 Pegasi
731 1425 884 1508 propriae
910 1422 1160 1508 explicarentur.
1208 1406 1445 1505 Quod'nescio

182 1607 183 1610 Ἴ
263 1538 310 1592 ἐιη
328 1527 469 1593 Ovidius
486 1530 558 1614 ipse
575 1551 657 1593 voce
673 1531 808 1595 uolucris
824 1539 857 1594 et
871 1532 956 1616 patri
972 1540 1004 1594 et
1024 1531 1091 1596 filio
1114 1532 1236 1596 tributa
1260 1534 1446 1618 significare

268 1634 415 1700 voluerit.
463 1635 533 1699 Nec
557 1658 636 1699 vero
661 1658 821 1723 quaenam
839 1638 910 1701 avis
927 1638 1100 1724 Neptunus
1116 1638 1223 1721 fuerit,
1246 1643 1446 1727 accepimus.

269 1743 343 1823 Qua
366 1742 499 1829 quidem
523 1765 558 1806 re
582 1744 660 1806 item
684 1742 891 1828 comprobari
916 1745 996 1808 mihi
1025 1744 1156 1810 videtur
1179 1745 1335 1812 fabellam
1358 1747 1446 1812 illam

269 1873 307 1915 eo
342 1859 466 1915 tanturn
507 1850 643 1915 consilio
681 1850 789 1915 fictam
820 1853 936 1931 fuisse,
970 1862 1005 1915 ut
1031 1854 1124 1938 ipsae
1157 1851 1288 1939 pennae
1316 1856 1446 1940 Pegaso

171 2019 173 2023 .
268 1955 441 2022 attributae
483 1956 733 2044 explicarentur.
780 1957 926 2022 Fabulas
967 1969 1076 2023 autem
1110 1960 1229 2046 quibus
1259 1984 1333 2026 cum
1363 1962 1446 2026 aliae

269 2074 335 2129 tum
353 2064 522 2130 beluarum
539 2068 755 2151 proprietates
769 2065 985 2152 explicantur,
998 2066 1224 2133 Alexandrina
1239 2071 1446 2155 potissimum

270 2182 376 2239 aetate
402 2175 601 2260 compositas
625 2195 700 2238 esse
725 2181 895 2260 constat).
1343 2176 1346 2183 '
1375 2225 1378 2228 ⁴

360 2281 469 2369 Atque
490 2281 640 2366 Pegasus
664 2283 736 2367 ipse
762 2280 859 2345 simili
882 2283 959 2346 usui
981 2281 1051 2346 fuit.
1079 2283 1164 2348 Nam
1180 2286 1214 2348 in
1231 2283 1333 2349 schol.
1351 2285 1378 2349 B
1395 2284 1447 2369 (L)

270 2389 312 2454 ad
340 2389 376 2454 Il.
402 2388 507 2453 1266
543 2387 718 2473 singularis
755 2389 838 2453 haec
873 2389 985 2454 fabula
1014 2391 1160 2455 affertur:
1198 2397 1226 2460 οἱ
1248 2398 1285 2461 δὲ
1309 2398 1446 2462 Κένταυ-

272 2525 318 2590 ροι
342 2504 424 2566 κατὰ
452 2503 599 2589 μὲντοὺς
625 2503 751 2582 ποιητὰς
777 2505 923 2588 λέγονται
945 2502 1067 2579 Ἰξίονος
1094 2505 1146 2567 καὶ
1168 2504 1321 2592 Νεφέλης·
1369 2508 1447 2581 τινὲς

269 2611 305 2674 δὲ
320 2604 470 2690 aooluu)
482 2609 590 2686 Ἰξίονα
607 2617 737 2697 μιγῆναι,
762 2610 828 2696 ἅμα
847 2611 884 2673 δὲ
899 2611 951 2673 καὶ
967 2610 1109 2696 Πήγασον
1125 2612 1178 2673 τὸν
1193 2614 1348 2697 πτερωτὸν
1365 2615 1448 2676 κατὰ

270 2720 325 2798 τὴν
349 2718 442 2797 αὐτὴν
464 2715 568 2789 νύκτα,
598 2716 632 2805 ἐξ
656 2716 695 2780 ὧν
719 2716 863 2802 γενέσθαι
886 2716 1071 2803 Κένταυρον,
1096 2717 1144 2806 ἀφ’
1171 2715 1205 2781 οὔ
1228 2721 1306 2782 πολὺ
1330 2719 1448 2800 πλῆθος

270 2827 393 2912 γίνεται.
420 2818 527 2898 Quam
537 2810 681 2882 fabulam
695 2841 761 2883 non
778 2842 853 2883 esse
867 2821 1124 2882 vetustissimam
1141 2841 1201 2904 per
1214 2843 1251 2884 se
1268 2823 1447 2907 apparet3).

271 2928 341 2992 Nec
365 2948 443 2990 vcro
469 2927 619 2990 existimo
645 2949 716 2991 eam
743 2949 817 2990 cum
842 2928 1060 2991 monumentis
1085 2926 1233 3013 Assyriis
1250 2927 1447 3008 etEtruscis

205 3106 216 3121 ,ἦ
272 3034 460 3117 cohaerere,
496 3036 529 3098 in
569 3034 688 3121 quibus
729 3033 885 3099 Centauri
925 3032 1000 3097 alati
1047 3035 1266 3120 occurrunt4).
1336 3035 1453 3129 Locus

273 3144 359 3206 enim
406 3141 460 3205 ille
507 3144 577 3206 sine
625 3140 724 3206 dubio
771 3164 977 3206 communem
1018 3141 1255 3207 Centaurorum
1303 3145 1447 3230 speciem
1513 3151 1515 3154 ’

273 3257 401 3335 spectat
423 3248 513 3335 (πολὺ
536 3251 677 3335 πλῆθος).
725 3250 830 3313 immo
848 3249 996 3333 Pegasus
1014 3251 1145 3313 omnino
1170 3273 1235 3314 non
1259 3248 1339 3325 alas,
1365 3272 1448 3337 quae

272 3381 506 3444 nonnunquam
521 3357 693 3423 Centauris
706 3356 900 3437 tribuuntur,
916 3355 974 3419 sed
991 3358 1145 3443 equinam
1159 3359 1305 3443 corporis
1323 3368 1446 3444 partem

273 3465 440 3553 explicare
464 3464 602 3530 videtur.
653 3466 728 3551 lpse
753 3474 861 3529 autem
877 3466 1028 3550 Pegasus
1045 3475 1139 3551 pater
1162 3488 1273 3530 eorum
1299 3463 1447 3530 delectus

274 3586 334 3657 est,
361 3576 437 3661 quia
459 3575 543 3637 inter
567 3595 669 3661 equos
693 3571 864 3637 fabulosos
889 3575 1033 3637 omnium
1056 3575 1248 3637 notissimus
1274 3583 1351 3638 erat.

364 3700 435 3764 Iam
471 3723 489 3764 e
525 3702 625 3764 variis
661 3700 840 3763 litterarum
876 3700 1021 3784 artisque
1057 3682 1298 3763 monumentis
1323 3701 1448 3786 primae

274 3807 405 3873 fabulae
435 3809 540 3873 forma
570 3807 740 3873 enucleata
772 3816 823 3870 est
846 3807 1033 3892 Neptunum
1060 3815 1099 3869 et
1121 3806 1294 3871 Medusam
1328 3808 1448 3894 equina
1528 3816 1530 3819 ’

276 3918 388 4001 specie
412 3916 543 3981 indutos
568 3938 604 3981 sc
629 3916 814 3980 miscuisse.

364 4024 417 4088 De
432 4024 505 4089 loco
521 4047 601 4089 vero
619 4046 682 4110 quo
694 4022 867 4108 Neptunus
881 4022 1054 4088 Medusam
1072 4022 1310 4106 compressisse
1335 4022 1447 4104 fertur,

364 4204 384 4273 1)
406 4202 436 4256 Ε.
456 4202 563 4266 Rohds‚
585 4198 695 4254 Griech.
716 4199 840 4252 Roman2
876 4218 903 4268 p.
924 4188 966 4252 98.

316 4277 318 4281 ¹
365 4292 450 4362 21Δίᾳ
472 4291 566 4361 potius
594 4289 773 4343 scribendum
797 4306 859 4342 csse
887 4288 1023 4357 Tuempel
1051 4306 1107 4342 non
1140 4287 1200 4342 sine
1229 4305 1316 4343 causa
1344 4288 1448 4343 conicit

276 4383 377 4437 Rosoh.
398 4382 435 4436 M.
454 4381 484 4434 L.
504 4399 526 4435 s.
545 4397 571 4434 v.
593 4378 722 4432 Centaur.
742 4376 867 4431 111034.

367 4472 388 4536 ³)
408 4469 448 4524 cf.
467 4468 666 4523 Weizsacclrer
683 4467 714 4521 in
731 4467 833 4522 Rosch.
854 4468 883 4520 Μ
901 4468 931 4522 L.
951 4485 971 4520 s.
991 4486 1016 4522 r.
1036 4467 1116 4525 Ixion
1134 4467 1162 4521 II
1179 4487 1206 4541 p.
1228 4468 1288 4522 768.

366 4562 389 4633 ⁴)
410 4559 533 4616 Roscher
550 4559 580 4616 in
598 4558 637 4615 M.
654 4559 684 4615 L.
703 4558 731 4612 11
748 4577 776 4631 p.
797 4557 867 4612 1033
884 4575 911 4611 n.
930 4557 954 4611 2.
