3334 5042
788 430 1008 499 ..32-

318 621 487 689 &taltorta
509 626 543 689 in
564 624 732 690 Aristidem
752 626 899 692 rhetorem
926 627 981 709 qui
1004 625 1159 690 nonnulla
1181 627 1277 691 uerba
1305 627 1345 692 de
1368 627 1479 693 eadem

317 730 424 795 fabula
446 730 522 797 iacit
545 729 609 815 (ed.
635 731 792 797 Frommel
826 756 856 816 p.
884 734 946 798 102
970 730 1032 818 sq.)
1042 728 1066 816 ¹)
1096 738 1261 797 auctorem
1283 733 1393 798 laudat
1417 734 1479 818 Ly-

316 838 395 901 siam
418 833 451 899 ἐν
474 841 521 922 τῷ
541 836 618 923 ὑπὲρ
640 836 825 925 Σωκράτους
846 838 922 924 πρὸς
943 836 1138 924 Πολυκράτην
1160 836 1251 922 λόγῳ.

405 943 480 1009 Jam
501 946 751 1012 animadvertisti
774 968 883 1010 omnes
904 967 984 1030 quas
1006 945 1269 1030 perlustravimus
1292 944 1418 1010 fabulas
1438 945 1480 1009 ad

317 1050 617 1144 MAQJEQAA
643 1054 729 1117 illius
757 1053 922 1118 clarissimi
947 1049 995 1115 ἐπὶ
1016 1048 1181 1135 Παλλαδίῳ
1203 1051 1289 1136 quod
1313 1052 1480 1120 dicebatur

316 1164 470 1240 spectare,
505 1161 630 1243 quode
658 1160 919 1224 interfectoribus
947 1159 1056 1223 inseiis
1082 1157 1270 1248 judicabant
1302 1154 1479 1242 ephetae.²)
1553 1190 1556 1197 ·
1666 1145 1667 1152 ί

317 1262 366 1327 Ex
390 1272 485 1347 qnam
519 1270 640 1330 remota
672 1271 782 1330 autem
813 1267 1007 1351 antiquitate
1038 1266 1159 1349 judicia
1193 1265 1251 1329 illa
1273 1265 1481 1329 Atheniensis

317 1370 432 1453 quibus
466 1369 506 1434 de
539 1371 634 1436 caede
657 1373 863 1457 judicabatur
897 1372 1054 1453 originem
1085 1391 1174 1435 suam
1210 1371 1368 1436 ducebant
1401 1371 1480 1435 satis

317 1479 433 1541 notum
459 1481 516 1542 est.
563 1475 818 1543 Consentaneum
846 1483 894 1543 est
915 1477 1017 1562 igitur
1039 1475 1163 1543 fabulas
1187 1498 1314 1560 quoque
1337 1478 1479 1561 peranti-

319 1604 398 1666 quas
421 1602 488 1647 esse
512 1604 593 1666 quae
616 1584 744 1648 illorum
766 1584 1000 1649 institutionem
1022 1584 1237 1649 illustrabant.
1284 1582 1325 1645 Et
1344 1603 1379 1646 re
1407 1605 1480 1649 vera

318 1689 403 1772 quod
433 1688 561 1753 Atrides
595 1689 645 1755 vel
678 1688 825 1773 Tydides,
855 1711 928 1754 cum
962 1690 1058 1774 Troja
1091 1710 1235 1754 reversus
1270 1689 1309 1752 ad
1337 1689 1479 1753 Atticam

317 1793 468 1877 appellat,
495 1816 515 1859 a
538 1794 757 1880 Demophontc
773 1800 979 1881 oppugnatur
994 1817 1097 1880 neque
1107 1795 1320 1878 cognoscitur,
1332 1794 1393 1859 hoc
1404 1797 1479 1859 satis

317 1906 474 1984 quantum
501 1902 630 1986 quidem
663 1903 754 1967 video
782 1902 964 1969 ostenditur
997 1902 1167 1967 Theseidas
1194 1900 1258 1964 illis
1284 1902 1479 1985 temporibus

318 2006 434 2089 quibus
457 2007 566 2073 fabula
588 2015 657 2073 orta
692 2015 741 2074 est
774 2011 807 2074 in
834 2031 1004 2074 numerum
1031 2031 1139 2073 eorum
1167 2008 1308 2072 noudum
1336 2015 1480 2091 receptos

318 2133 395 2190 esse,
419 2114 474 2198 qui
499 2115 582 2180 bello
606 2116 743 2201 Trojano
765 2116 990 2181 interfuerunt.

406 2218 617 2286 Narrationes
655 2222 755 2308 igitur
795 2244 877 2307 quas
915 2228 1024 2307 postea
1066 2220 1305 2304 atthidographi
1344 2219 1480 2304 eollege-

317 2332 401 2402 runt,
430 2333 601 2410 antequam
631 2329 755 2394 Arotini
791 2334 823 2392 et
850 2328 987 2394 Lesehae
1021 2333 1169 2411 poemata
1197 2328 1479 2404 conscriberentur,

316 2437 414 2497 natae
436 2438 519 2498 sunt.

404 2537 603 2624 Quamquam
647 2546 755 2606 autem
803 2541 952 2622 antiquae
1000 2538 1141 2618 fabulae,
1178 2561 1259 2625 quae
1303 2538 1479 2604 Palladium

315 2645 401 2729 apud
443 2644 614 2711 Phalerum
658 2654 787 2731 portum
825 2646 953 2730 Argivis
983 2652 1128 2731 ereptum
1164 2646 1260 2711 fuisse
1290 2645 1477 2721 narrabant,

317 2774 382 2818 non
420 2752 614 2818 interierunt
651 2759 825 2839 postquam
869 2753 1058 2839 Demophon
1096 2755 1129 2817 in
1169 2753 1291 2837 cyclum
1330 2752 1478 2818 Troicum

316 2863 461 2944 receptus
477 2863 534 2937 est,
558 2862 722 2945 -aptius
742 2867 849 2926 tamen
869 2865 939 2926 erat
962 2882 1029 2925 rem
1048 2862 1088 2924 ad
1105 2860 1233 2942 Trojam
1248 2863 1476 2943 transportare.

317 2967 423 3052 Atque
446 2966 625 3032 fabularum
648 2967 891 3034 Atheniensium
923 2967 985 3032 hoc
1009 2968 1102 3032 modo
1126 2971 1393 3032 commutatarnm
1416 2966 1479 3029 duo

316 3079 442 3138 exstant
464 3077 574 3139 testes.

404 3179 530 3246 Primus
546 3186 593 3244 est
606 3180 775 3266 Polyaenus
786 3180 871 3264 apud
887 3201 983 3265 quem
997 3180 1134 3264 legimus
1149 3179 1228 3245 haec
1251 3178 1480 3266 (Strategioon,

316 3287 363 3351 ed.
392 3286 555 3351 Woelfflin
578 3289 604 3361 Ι,
630 3285 676 3372 5):
705 3285 858 3372 Δημοφῶν
881 3284 965 3379 παμὰ
987 3284 1155 3373 Διομήδους
1176 3286 1208 3348 τὸ
1230 3283 1401 3351 Παλλάδιον
1425 3307 1478 3347 πα-

313 3391 530 3480 ρακαταθήκην
552 3389 655 3474 λαβὼν
678 3376 853 3476 ἐφάλαττεν.
898 3388 1118 3477 Ἀγαμέμνονος
1145 3392 1343 3461 ἀπαιτοῦντος
1368 3390 1479 3475 τὸμὲν

316 3496 455 3584 ἀληθινὸν
477 3495 589 3561 ἔδωκεν
611 3496 698 3583 άνδμὶ
721 3493 871 3583 Ἀθηναίῳ
893 3488 1068 3584 καλουμένῳ
1085 3499 1222 3585 Hostum
1245 3497 1371 3581 κομίζειν
1393 3493 1477 3583 Ἀθη-

317 3602 399 3676 ναζε·
423 3601 485 3666 ἴσον
508 3602 542 3666 δὲ
564 3603 613 3666 καὶ
635 3602 737 3687 δμοιον
761 3600 833 3665 ἄλλο
856 3602 1089 3685 κατασκευάσας,
1104 3600 1195 3693 ιἐἶχεν
1219 3600 1266 3666 ἐπὶ
1288 3609 1343 3691 τῆς
1361 3606 1477 3690 οιτηνῆς.

315 3707 536 3794 ’Δμαμέμνονος
556 3707 591 3771 δὲ
613 3707 667 3771 σὺν
692 3707 786 3794 πολλῇ
805 3711 885 3795 χειρὶ
908 3709 1086 3782 ἐπελθόντος
1100 3711 1274 3798 ἀπεμάχετο
1290 3711 1338 3774 ἐπὶ
1352 3709 1476 3797 μακρὸν,

388 3977 409 4039 ¹)
434 3976 463 4028 τδ
486 3973 626 4028 Παλλάδιον
650 3976 679 4028 τδ
702 3976 754 4028 ἀπὸ
776 3972 878 4045 Τμοιας·
907 3978 923 4029 δ
945 3977 996 4047 γάρ
1015 3977 1161 4048 Δημόφιλος
1186 3975 1256 4045 παρὰ
1274 3975 1417 4046 Διομήδους
1432 3974 1477 4043 ἀμ·

318 4064 457 4123 mearet<
472 4064 516 4134 τὴν
536 4063 603 4117 πόλιν
620 4063 724 4134 ἤγαγεν.

386 4152 409 4217 ¹)
428 4149 478 4207 rid.
497 4150 577 4204 hleier
595 4167 620 4205 u.
640 4149 810 4218 schemam,
829 4150 862 4206 D.
881 4155 928 4206 att.
948 4152 1069 4223 Frozess.
1087 4152 1128 4207 ed.
1148 4150 1254 4221 Lipsius
1271 4166 1298 4220 p.
1319 4151 1360 4203 ll.
