3334 5042
810 413 1029 477 -Ῑῖ-

338 605 505 671 Diomedes
528 609 673 690 gersubt‚
709 607 767 673 auf
798 608 909 693 irgend
935 609 1004 672 eine
1028 606 1135 674 Weiss
1158 607 1356 694 bemiicbtigt
1358 654 1497 673 .....

338 712 380 776 Es
402 713 444 777 ist
468 714 538 779 eine
561 713 723 780 komische
748 714 921 800 chdung
944 718 999 780 der
1023 715 1141 799 Saga«-

354 842 358 849 *
425 820 508 895 Quid
538 826 644 885 autem
673 822 706 885 in
734 820 876 886 Palladio
905 822 1061 886 mirentur
1088 822 1200 887 heroes
1224 822 1289 885 nisi
1309 821 1499 905 scriptorum

336 926 527 992 testimoniis
550 927 653 1011 adjuti
677 930 846 994 enucleare
869 951 934 995 non
957 948 1131 1013 possumus.

426 1104 475 1169 Ex
501 1126 617 1191 magna
640 1105 770 1172 Graecia
795 1105 922 1193 qnoque
945 1110 1057 1174 exorta
1080 1105 1207 1171 videtur

494 1248 537 1310 ll.
564 1246 796 1347 Forrnaflcts'lc's
819 1274 893 1313 arus.
934 1249 1070 1313 Berolirr.
1096 1249 1172 1312 264.
1196 1250 1234 1331 cf.
1260 1247 1361 1331 263.Ι

632 1369 718 1441 Arch„
731 1370 796 1425 Zeit.
816 1371 852 1424 IV
870 1374 888 1423 t.
909 1371 950 1425 37.
988 1369 1123 1425 Dverbcclx
1142 1371 1212 1424 252.

337 1516 432 1578 quam
469 1517 548 1561 saec.
580 1496 710 1561 alterius
743 1518 772 1563 a.
799 1496 872 1562 Chr.
904 1520 935 1561 n.
967 1518 1034 1562 esse
1065 1498 1187 1580 opinor.
1222 1530 1265 1541 -
1300 1495 1498 1579 Quamquam

333 1602 427 1686 juxta
465 1603 631 1688 compositi
669 1610 761 1668 sunt'
788 1605 881 1669 ambo
919 1603 1040 1681 heroes,
1089 1602 1197 1667 Vlixes
1240 1605 1358 1678 tamen,
1410 1603 1499 1687 enj‘us

337 1704 519 1774 bracchium
548 1700 715 1776 sinistrum
745 1717 817 1795 post
840 1710 1026 1775 Diomedem
1051 1713 1193 1794 apparet,
1228 1710 1375 1773 comitem
1406 1730 1498 1794 prae·

336 1816 500 1881 cedentem
517 1818 610 1901 sequi
627 1818 761 1883 videtur.
785 1853 828 1865 -
852 1817 890 1881 In
913 1817 1040 1882 sinistra
1058 1815 1227 1881 Diomedes
1250 1815 1354 1880 nudus
1377 1815 1500 1900 placide

337 1922 483 1987 consistit
521 1924 689 2010 chlamyde
725 1924 871 1990 bracchio
907 1923 1064 2007 imposita.
1101 1923 1231 1987 'Laeva
1266 1944 1360 1986 manu
1395 1922 1498 1987 Palla·

339 2028 425 2093 dium
449 2030 586 2095 sustinet
601 2032 679 2096 satis
697 2053 856 2117 magnum,
881 2029 994 2095 dextra
1009 2029 1151 2116 gladium
1167 2026 1300 2111 tenct¹).
1324 2066 1367 2074 -
1391 2027 1499 2092 Vlixes

336 2135 370 2199 in
394 2136 507 2200 dextra
530 2143 620 2221 parte
644 2139 848 2220 conspicitur,
878 2137 979 2201 barba
1012 2143 1044 2201 et
1077 2135 1162 2221 pileo
1188 2134 1330 2221 insignis,
1356 2136 1411 2219 qui
1433 2130 1500 2219 ipse

336 2263 464 2327 quoque
480 2241 661 2309 Palladium
674 2245 769 2330 plane
785 2245 880 2308 simili
897 2245 991 2308 modo
1008 2243 1081 2308 lert.
1110 2242 1255 2309 Vestitus
1271 2248 1321 2307 est
1337 2241 1499 2327 chlamyde

336 2353 369 2413 et
411 2349 534 2416 celocis,
604 2351 728 2416 Dextra
771 2373 852 2435 quac
890 2352 985 2435 juxta
1023 2349 1187 2414 Diomedis
1232 2355 1328 2435 eaput
1368 2354 1500 2434 apparet

336 2457 476 2540 gladium
499 2463 596 2523 tenet.
636 2457 749 2536 Sabat,
774 2464 811 2523 ut
840 2459 886 2522 ita
915 2459 1026 2535 dicam,
1050 2458 1163 2521 mirum
1185 2457 1217 2522 in
1246 2458 1375 2537 modum
1399 2456 1499 2540 gradu
1623 2498 1634 2522 s

335 2585 496 2646 suspenso.
515 2602 558 2611 --
576 2567 679 2630 Ambo
696 2566 810 2630 heroes
825 2564 951 2650 placide
967 2565 1007 2628 ad
1023 2585 1120 2629 naves
1135 2586 1198 2629 una
1214 2564 1317 2628 redire
1333 2563 1496 2655 videntur,
1611 2560 1622 2570 ‘
1645 2586 1647 2613 ι

336 2691 438 2754 neque
462 2673 618 2755 estquod
639 2674 782 2758 jurgium
806 2673 892 2736 inter
916 2693 969 2737 eos
993 2671 1153 2735 exstitisse
1177 2676 1338 2754 putemus.

422 2775 562 2842 Tertium
599 2781 666 2865 jam
706 2784 753 2843 est
791 2783 1035 2844 monumentum
1071 2777 1105 2840 in
1141 2800 1203 2861 quo
1238 2785 1373 2864 uterque
1407 2777 1500 2857 heros

335 2883 517 2948 Palladium
545 2885 648 2950 ferens
678 2885 871 2969 conspicitur
906 2882 961 2970 (cf.
987 2887 1003 2948 1
1034 2889 1066 2948 et
1089 2884 1134 2962 8),
1170 2906 1307 2969 qnorum
1340 2886 1373 2948 in
1402 2885 1500 2965 nullo,

335 2991 488 3074 siquidem
520 2997 606 3056 recte
634 2993 838 3075 interpretati
860 3012 977 3068 snmus,
1003 2991 1164 3055 contentio
1199 2992 1283 3054 inter
1312 2991 1439 3057 Vlixem
1469 2997 1500 3057 et

335 3095 521 3162 Diomedem
539 3119 687 3182 expressa
699 3103 756 3163 est
797 3092 954 3163 Praebent
967 3102 1075 3161 antem
1091 3098 1154 3162 tria
1171 3097 1323 3182 temporis
1340 3104 1501 3163 momenta

335 3203 472 3268 diversa:
486 3205 657 3269 discessum
668 3204 929 3288 PalladioTrojae
943 3208 1038 3285 rapto
1051 3205 1085 3288 (8
1099 3205 1151 3266 ubi
1164 3203 1339 3287 adspicitur
1351 3192 1500 3288 Helena),

334 3310 470 3375 reditum
496 3332 552 3394 per
575 3334 719 3396 campum
744 3312 822 3396 (11),
848 3310 1025 3375 adveutum
1047 3310 1080 3373 in
1105 3315 1207 3375 castra
1224 3309 1415 3376 Graecorum
1439 3311 1500 3396 (1).

336 3417 473 3481 Possunt
497 3417 604 3481 omnia
626 3418 666 3481 ad
691 3419 829 3483 eandem·
853 3413 1058 3482 traditionem
1086 3419 1266 3502 pertinere;
1294 3422 1435 3482 attamen
1466 3439 1500 3481 re

334 3544 409 3588 vera
432 3545 485 3587 vas
511 3523 650 3588 Atticum
675 3544 755 3589 saec.
781 3524 888 3607 quinti
922 3523 1061 3589 ineuntis
1096 3530 1128 3589 et
1156 3525 1374 3609 anaglyphum
1403 3522 1500 3588 fictile

334 3651 412 3695 saec.
457 3630 588 3695 secundi
628 3632 667 3695 ad
713 3631 846 3694 eundem
892 3628 1014 3695 fontem
1054 3633 1156 3696 redire
1193 3632 1297 3696 minus
1340 3631 1502 3714 probabile

335 3736 470 3802 videtur.
517 3736 686 3801 Vasculum
719 3738 832 3801 saltem
860 3735 1041 3802 Parisinum
1070 3735 1350 3821 anaglyphnmque
1380 3736 1501 3802 Bercli·

335 3865 432 3910 nense
455 3843 497 3909 ad
519 3845 655 3909 eandem
679 3842 819 3910 fabulam
844 3842 1009 3909 referenda
1033 3864 1103 3908 csse
1128 3843 1296 3909 verisimile
1320 3839 1413 3927 e'st').

406 3987 426 4052 ¹)
446 3984 514 4038 Mihi.
529 3983 599 4039 enim
617 3983 723 4054 saepius
742 3983 861 4038 formam
875 3984 962 4053 ipsam
987 3981 1137 4052 inspicienti
1151 4015 1153 4018 -
1165 3982 1231 4037 nihil
1260 3982 1436 4038 dubitationis
1460 4000 1502 4039 re*-

334 4076 425 4128 manet
442 4073 506 4144 quin
525 4072 629 4143 gladius
647 4072 689 4128 sit.

405 4165 432 4231 ²)
445 4160 548 4217 Nescio·
570 4176 625 4231 qno
652 4162 808 4231 pervenerit
828 4159 1010 4234 anaglyphum
1038 4160 1118 4215 fictile
1145 4160 1217 4231 qnod
1241 4163 1321 4214 antea
1344 4160 1502 4216 insedibus

336 4247 467 4307 Gcrhardi
479 4252 544 4304 erat.
573 4248 638 4307 Vide
651 4250 728 4308 Arch.
744 4249 814 4307 Zeit.⁴
822 4249 872 4306 VII
884 4266 911 4321 p.
924 4250 960 4305 66
972 4249 1041 4305 Adn.
1055 4249 1085 4305 6:
1109 4249 1181 4314 „eine
1194 4248 1421 4308 Minerrenbcrme
1431 4253 1503 4322 trtgt
