3334 5042
1770 308 1838 362 56

655 488 844 546 theca
888 486 1191 545 Vaticana
1251 486 1541 544 asservati
1604 487 1881 545 nondum
1949 485 2094 545 satis
2161 485 2466 561 explicata
2492 479 2539 542 1.
2626 484 2697 542 In
2741 484 2950 543 media

658 590 892 666 pictura
936 589 1102 646 iuxta
1145 604 1431 661 magnam
1460 587 1725 662 palmam
1756 605 1861 646 ara
1889 587 2054 661 picta
2100 594 2211 659 est,
2260 588 2323 644 in
2365 604 2492 664 qua
2537 587 2717 644 sedet
2762 603 2947 643 senex

663 689 868 748 tunica
909 690 1215 747 manicata
1261 689 1580 765 chlamyde
1634 690 1841 764 caligis
1898 689 2151 747 vestitus
2209 690 2418 763 gladio
2472 689 2708 746 cinctus
2779 688 2949 744 cuius

662 792 942 867 vaginam
984 808 1169 849 manu
1213 808 1260 850 s,
1299 791 1682 866 amplectitur
1695 807 1708 859 ;
1782 792 1998 847 dextra
2042 789 2383 865 chlamydis
2440 791 2673 848 nodum
2735 790 2947 864 tangit.

664 893 832 951 Toto
886 892 1099 950 habitu
1159 909 1454 968 pavorem
1518 899 1583 949 et
1636 884 2111 967 trepidationem
2173 891 2504 966 profitetur.
2593 890 2769 949 quta
2811 909 2950 948 eum

663 995 905 1052 sinistro
950 1010 1092 1052 arae
1137 995 1360 1068 angulo
1403 992 1618 1050 mulier
1660 1011 1730 1050 se
1775 993 2036 1051 acclinat
2083 993 2287 1053 tunica
2328 992 2637 1069 pallioque
2682 1009 2803 1069 quo
2848 1011 2953 1052 ca-

661 1103 773 1171 put
817 1111 1061 1172 quoque
1111 1095 1343 1174 velatur
1394 1093 1616 1151 vestita
1660 1102 1722 1151 et
1768 1094 1901 1169 ipsa
1946 1095 2030 1152 ad
2075 1111 2121 1154 s,
2173 1101 2461 1169 spectans
2508 1111 2690 1152 manu
2735 1095 2797 1152 d.
2845 1113 2951 1151 ve-·

665 1197 866 1255 lamen
909 1196 1056 1254 illud
1099 1214 1136 1253 a
1180 1194 1334 1252 facie
1377 1211 1716 1253 removens,
1805 1195 1857 1252 A
1899 1195 1958 1254 d.
1990 1195 2234 1253 accedit
2278 1195 2361 1252 vir
2406 1194 2953 1253 barbatus·tunica

666 1299 830 1374 picta
866 1297 1173 1373 pallioque
1217 1296 1467 1354 vestitus
1513 1296 1868 1353 diademate
1910 1296 2149 1354 radiato
2195 1303 2462 1365 ornatuS,
2528 1296 2631 1370 qui
2673 1314 2858 1355 manu
2904 1315 2953 1357 s,

667 1407 874 1476 portat
918 1406 1222 1475 sceptrum
1267 1396 1470 1474 aquila
1515 1405 1899 1466 coronatum;
1962 1397 2182 1454 dextra
2227 1398 2396 1455 cuius
2455 1397 2638 1473 plaga
2694 1398 2957 1456 exterior

668 1500 972 1577 spectanti
1001 1500 1262 1557 adversa
1293 1506 1388 1555 est
1419 1498 1750 1556 recusandi
1791 1505 2036 1573 gestum
2079 1497 2281 1555 facere
2310 1498 2571 1556 videtur.
2636 1499 2736 1559 Ab
2764 1499 2955 1557 altera

664 1611 838 1679 parte
897 1602 978 1660 ad
1029 1619 1195 1660 aram
1251 1600 1495 1659 accedit
1552 1600 1785 1657 iuvenis
1853 1600 2064 1658 tunica
2130 1601 2296 1675 picta
2360 1584 2681 1677 chlamyde
2747 1600 2955 1675 caligis

665 1705 920 1762 vestitus
964 1703 1319 1761 diademate
1364 1701 1604 1759 radiato
1651 1709 1979 1759 coronatus
2020 1718 2206 1758 manu
2238 1703 2296 1761 d.
2329 1703 2481 1762 duas
2512 1702 2715 1761 hastas
2745 1719 2957 1759 umero

667 1805 996 1863 acclinans,
1082 1802 1274 1878 Supra
1317 1819 1614 1877 personas
1661 1803 1997 1878 descriptas
2055 1803 2159 1859 dei
2215 1802 2707 1878 conspiciuntur:
2773 1819 2958 1879 supra

666 1923 875 1981 regem
901 1905 1151 1963 Insania
1182 1903 1483 1987 anguibus
1517 1902 1730 1960 crinita
1762 1902 1959 1962 facem
1990 1912 2054 1960 et
2089 1921 2355 1978 anguem
2394 1905 2675 1962 manibus
2715 1912 2951 1980 temne,

661 2025 843 2084 supra
915 2023 1124 2064 senem
1190 2013 1253 2062 et
1312 2004 1624 2062 mulierem
1668 2003 1880 2062 Venus
1932 2022 2069 2062 cum
2114 2005 2359 2073 Amore,
2429 2022 2612 2080 supra
2674 2006 2959 2063 iuvenem

662 2109 896 2169 Suada.

865 2209 1275 2284 Apollodorus
1318 2206 1374 2264 11
1419 2209 1479 2277 4,
1522 2208 1581 2274 3,
1626 2207 1662 2265 6
1706 2215 1911 2264 narrat
1959 2206 2264 2283 Perseum,
2333 2226 2473 2267 cum
2516 2215 2660 2284 post
2710 2209 2953 2268 Andro-

662 2313 909 2369 medam
962 2310 1278 2369 liberatam
1322 2292 1640 2384 Seriphum
1684 2316 2105 2387 reverteretur,
2171 2310 2472 2368 invenisse
2516 2309 2780 2370 Danaen
2824 2330 2958 2370 ma-

664 2423 816 2472 trem
881 2421 946 2471 et
990 2412 1212 2487 Dictyn
1273 2413 1357 2470 ad
1410 2428 1576 2469 aram
1643 2410 2088 2485 confugientes,
2152 2421 2219 2470 ut
2263 2413 2564 2471 evitarent
2608 2411 2958 2487 Polydectis

664 2515 1053 2589 violentiam3
1098 2533 1136 2573 a
1174 2514 1401 2572 Perseo
1443 2513 1841 2588 Polydectem
1885 2514 2296 2590 torpefactum
2340 2524 2596 2572 matrem
2639 2515 2961 2577 liberatam

665 2618 891 2692 Dictyn
938 2635 1143 2694 regem
1194 2616 1603 2693 Seriphiorum
1657 2616 1879 2675 factum
1933 2635 2086 2679 esse.
2171 2618 2345 2676 idem
2399 2616 2568 2675 haud
2619 2618 2804 2676 dubie
2865 2637 2962 2675 ar·-

664 2727 1025 2797 gumentum
1067 2719 1180 2777 fuit
1211 2718 1443 2794 Dictyis
1476 2717 1718 2777 fabulae
1746 2719 2136 2795 Euripideae,
2182 2737 2367 2796 quam
2392 2717 2670 2777 Welcker
2712 2738 2749 2776 e
2784 2717 2956 2795 -frag-

660 2822 881 2881 mentis
928 2821 1018 2880 ita
1060 2820 1343 2888 restituit,
1388 2828 1455 2878 ut
1485 2820 1775 2879 Perseum
1807 2821 2182 2896 incognitum
2214 2822 2297 2879 ad
2333 2821 2594 2880 insulam
2626 2823 2961 2880 advectum

661 2943 699 2983 a
742 2924 1083 2998 Polydecte
1130 2922 1505 2981 domicilium
1552 2930 1616 2980 et
1660 2922 1921 2982 Danaen
1981 2923 2044 2980 in
2098 2923 2548 2983 matrimonium
2587 2923 2964 2982 ‘ducendam

660 3033 870 3100 petere
917 3032 1238 3082 statueret.
1326 3022 1507 3095 Quae
1552 3025 1603 3082 si
1647 3033 1814 3083 recte
1862 3025 2120 3083 coniecit
2165 3026 2252 3082 vir
2284 3026 2701 3093 doctissimuS,
2746 3043 2962 3082 nonne

660 3126 892 3203 optime
936 3129 1020 3187 ad
1065 3128 1454 3201 tragoediam
1498 3105 1971 3204 illam⁶quadrat
2013 3128 2250 3204 pictura
2293 3123 2546 3186 nostra?
2610 3127 2743 3183 Rex
2786 3126 2966 3183 nimi-

661 3246 794 3286 rum
841 3227 1213 3303 Polydectes
1261 3236 1388 3296 est3
1441 3245 1632 3286 senex
1677 3237 1740 3287 et
1778 3229 1991 3286 mulier
2036 3228 2249 3305 Dictys
2294 3237 2358 3286 et
2395 3228 2612 3286 Danae
2658 3235 2815 3305 sunt,
2862 3228 2967 3302 qui

664 3329 742 3387 ab
791 3329 891 3386 illo
939 3330 1143 3386 vexati
1194 3329 1277 3387 ad
1322 3347 1486 3387 aram
1533 3330 1973 3404 confugerunt;
2017 3330 2250 3388 iuvenis
2283 3330 2677 3388 Perseus·est
2720 3328 2986 3403 reliquis*

664 3432 935 3506 ignotus,
996 3431 1101 3507 qui
1152 3447 1288 3488 cum
1332 3430 1662 3506 Polydecte
1707 3432 1939 3507 pacisci
1982 3440 2239 3490 conatur
2281 3431 2639 3507 priusquam
2683 3430 2800 3487 vim
2850 3432 2970 3488 ad-

663 3532 888 3592 hibeat.
976 3531 1184 3589 Etiam
1245 3533 1308 3589 di
1365 3533 1614 3608 singulis
1674 3533 1950 3608 personis
2011 3534 2209 3591 additi
2267 3534 2498 3608 optime
2552 3532 2968 3607 explicantur:

663 3650 849 3708 supra
893 3632 1291 3707 Polydectem
1358 3633 1604 3693 libidine
1663 3636 2060 3693 obcaecatum
2110 3635 2373 3708 Insania,
2443 3652 2624 3710 supra
2670 3632 2970 3692 Perseum

664 3737 1080 3814 paciscentem
1146 3735 1372 3806 Suada,
1446 3753 1627 3811 supra
1694 3736 1956 3795 Danaen
2012 3736 2223 3794 Venus
2283 3736 2440 3794 illius
2507 3736 2759 3794 tutatrix
2819 3754 2968 3794 cum

674 3837 919 3895 Amore.
984 3834 1303 3894 ‘Perseum
1345 3836 1408 3893 in
1452 3838 1567 3895 hac
1611 3838 1854 3913 pictura
1907 3856 2032 3894 non
2080 3839 2355 3912 insigniri
2409 3837 2601 3896 solitis
2662 3836 2971 3895 attributis

665 3946 1156 3997 consentaneum
1200 3946 1316 4008 est,
1373 3938 1516 4015 quia
1556 3957 1685 3997 non
1730 3940 1854 3996 vult
1897 3938 2152 4015 agnosci
2190 3957 2227 3996 a
2272 3939 2626 4014 Polydecte.
2717 3938 2967 4011 Quibus

869 4170 891 4207 1
929 4173 1113 4222 Varias
1160 4174 1388 4223 virorum
1437 4174 1708 4222 doctorum
1758 4173 2213 4239 interpretationes
2260 4171 2470 4237 collegit
2518 4172 2766 4223 Reinach
2813 4189 2970 4224 vases

853 4303 862 4312 .
908 4260 1008 4313 104
1048 4278 1086 4310 S.

865 4348 890 4387 2
928 4349 1272 4403 Griechische
1310 4349 1574 4412 Tragodie
1612 4366 1663 4415 p.
1702 4350 1808 4402 668
1846 4366 1911 4402 55.
