3334 5042
797 260 839 325 15

712 352 925 361 --—-——

230 458 327 520 etiam
359 479 434 521 cum
459 456 624 542 Gorgonis
661 455 762 523 caede
798 455 878 520 nihil
915 458 1124 520 coniunctum
1159 455 1274 523 fuisse.
1320 460 1404 527 Nam

229 563 316 650 apud
353 564 459 630 Serv.
520 566 605 629 Dan.
647 564 690 628 ad
724 565 822 648 Verg.
864 564 947 628 Aen.
982 563 1018 627 ΙΙ
1054 565 1119 629 616
1155 564 1218 628 hoc
1252 566 1404 635 traditur:

228 670 379 758 Medusa]
401 692 579 756 compresso
604 694 624 737 α
645 673 792 754 Neptuno
810 671 970 755 Pegasum
992 693 1105 754 equum
1122 674 1241 737 dicitnr
1256 674 1405 746 edidisset

230 780 313 860 qaod
333 786 537 861 posteaquam
560 780 711 845 Minerua
738 783 887 862 copnooit
920 781 988 844 eius
1019 786 1116 862 caput
1144 781 1265 846 dicitnr
1295 802 1405 869 enmu-

230 893 312 953 tosse
335 893 363 952 et
390 908 446 952 suo
476 888 627 969 odfimisse
651 889 774 971 pectori
797 889 884 968 eique
908 888 1057 951 tribuisse
1083 887 1157 969 1111,
1188 895 1224 953 ut
1252 892 1406 974 quidqud
1436 960 1440 968 .

230 995 359 1059 uidisset
386 1001 523 1059 mutaret
554 997 588 1059 in
617 1015 740 1060 soa-um.
789 993 896 1073 Quam
927 995 1146 1058 recentiorem
1177 1016 1253 1059 esse
1283 996 1405 1063 nullius

171 1097 183 1119 ⁰
230 1103 431 1165 auctoritatis
460 1100 604 1166 fabulam
633 1112 730 1187 atque
767 1124 785 1165 e
823 1101 1018 1166 confusione
1054 1102 1197 1188 quadam
1233 1113 1336 1169 ortam
1372 1107 1405 1169 in

230 1219 383 1295 promptu
412 1218 472 1273 est.
529 1208 705 1296 Euripides
743 1210 828 1272 enim
865 1209 966 1273 tradit
990 1208 1180 1293 Gorgonem
1210 1234 1229 1274 a
1256 1210 1406 1277 Minerva

231 1338 363 1380 caesam
388 1318 506 1402 esse1).
553 1315 744 1401 Secundum
768 1315 940 1401 vulgarem
964 1326 1074 1381 autem
1096 1316 1242 1383 fabulam
1266 1319 1406 1385 Medusa

147 1407 153 1419 ’
231 1424 422 1509 eNeptuno
446 1424 611 1509 Pegasum
633 1425 756 1509 genuit.
805 1424 899 1504 Quae
923 1423 1055 1488 fabulae
1080 1425 1238 1491 confusae
1263 1437 1348 1491 sunt.

318 1531 427 1617 Atque
451 1530 535 1595 haec
559 1530 690 1618 quidem
708 1530 749 1595 dc
765 1530 946 1595 litterarum
962 1533 1166 1596 testimoniis·
1210 1533 1306 1597 Nunc
1326 1536 1406 1598 artis

229 1647 441 1703 monumenta
465 1639 724 1704 consideremus.

515 1825 542 1888 t.
566 1823 605 1890 uc
628 1775 770 1889 memorie
791 1825 987 1890 nocumentis
1008 1828 1141 1891 servata.

320 1944 387 2010 Cur
410 1967 450 2009 ea
473 1967 539 2009 non
568 1968 633 2008 una
668 1968 742 2009 cum
771 1944 835 2009 illis
864 1946 1033 2032 persecuti
1064 1947 1177 2027 simus,
1210 1968 1312 2010 causa
1344 1958 1404 2030 est,

231 2051 319 2139 quod
347 2054 464 2139 partim
493 2052 590 2116 aliam
623 2062 720 2139 atque
744 2052 947 2119 Hesiodeam
981 2051 1112 2116 fabulae
1147 2050 1285 2118 formam
1313 2077 1405 2141 prae·

229 2158 318 2243 bent,
342 2162 459 2246 partim
485 2159 623 2224 eandem
652 2168 766 2225 secuta
794 2169 904 2224 tamen
932 2182 998 2224 non
1029 2160 1071 2224 ad
1101 2161 1281 2226 Hesiodum
1310 2183 1404 2226 revo-

230 2266 335 2331 canda
358 2277 443 2332 sunt.
490 2266 618 2332 Pabula
641 2278 749 2332 autem
773 2290 858 2354 quae
883 2267 924 2331 de
942 2268 1063 2332 Perseo
1089 2277 1121 2333 et
1136 2268 1275 2333 Medusa
1291 2269 1403 2352 fertur,

230 2377 293 2438 iam
318 2374 555 2461 antiquissimis
579 2375 781 2460 temporibus
806 2397 826 2438 a
843 2374 1047 2439 Graecorum
1065 2375 1245 2441 artificibus
1270 2397 1404 2463 expres·

230 2505 267 2546 sa
290 2491 350 2547 est.
398 2482 605 2569 Quamquam
628 2484 662 2547 in
685 2505 804 2567 magna
828 2492 920 2567 parte
951 2503 1086 2568 operum
1122 2504 1206 2568 quae
1231 2482 1404 2551 Medusam

229 2587 434 2654 interfectam
458 2599 490 2655 et
513 2590 672 2655 Perseum
699 2589 881 2674 fugientem
908 2598 1168 2676 repraesentant,
1198 2591 1347 2676 Pegasus
1373 2602 1405 2655 et

231 2693 398 2782 Chrysaor
426 2697 554 2763 desunt.
603 2696 705 2761 Cuius
739 2700 788 2761 rei
818 2707 1004 2779 causaest,
1038 2697 1127 2784 quod
1155 2708 1245 2761 ortus
1275 2696 1405 2763 illorum

230 2805 331 2868 mirus
355 2805 398 2869 ad
421 2807 530 2891 ipsum
553 2806 668 2869 Persei
692 2805 822 2869 facinus
850 2802 972 2868 nullius
1001 2807 1158 2868 momenti
1187 2814 1247 2869 est.
1293 2805 1403 2889 Atque

230 2916 308 2975 artis
333 2922 544 2977 monumenta
571 2935 589 2976 c
617 2912 733 2976 litteris
762 2911 860 2976 modo
894 2915 1000 2998 nota2)
1031 2914 1184 2998 quoniam
1212 2910 1335 2977 nullam
1364 2911 1404 2976 de
1507 2990 1510 2995 p

230 3027 302 3082 ortu
325 3021 523 3084 mentionem
546 3018 682 3101 faciunt,
708 3018 998 3106 praetermittenda
1022 3026 1105 3081 sunt.

320 3125 388 3192 Sed
410 3127 561 3213 Pegasus
591 3136 623 3190 et
650 3125 819 3212 Chrysaor
848 3125 935 3188 haud
970 3126 1086 3210 paucis
1122 3127 1155 3189 in
1185 3128 1404 3191 monumentis

231 3236 370 3299 servatis
395 3235 523 3301 adsunt.
570 3235 663 3315 Quae
687 3237 721 3298 in
750 3234 846 3299 duas
876 3244 1009 3320 partes
1038 3233 1239 3313 dividuntur,
1265 3257 1404 3322 quarum

231 3341 333 3407 altera
356 3365 469 3408 unum
494 3344 701 3427 Pegasum,
727 3341 828 3405 altera
845 3343 959 3406 etiarn
977 3340 1240 3427 Chrysaorem
1257 3342 1403 3430 praebet.

321 3451 349 3515 1.
374 3449 426 3516 Ac
449 3453 592 3536 primum
615 3448 671 3513 1111
695 3450 955 3513 consideremus.
1003 3448 1185 3532 Quorum3)
1210 3459 1315 3514 aetate
1339 3453 1404 3538 pri-

230 3580 317 3621 mum
343 3567 497 3644 ectypum
520 3567 633 3621 notum
657 3555 769 3642 templi
798 3556 971 3620 Selinuntii
997 3554 1023 3621 O
1052 3557 1146 3640 esu),
1183 3557 1271 3642 quod
1306 3556 1403 3644 paulo
1499 3609 1505 3621 .

230 3675 306 3750 post
338 3664 455 3730 urbem
480 3665 564 3730 hanc
600 3663 764 3729 conditam
793 3662 882 3749 (628)
910 3663 1117 3728 aedificatum
1158 3685 1234 3727 esse
1266 3673 1401 3730 constat.

320 3843 340 3907 ¹)
360 3842 420 3896 Ion.
448 3841 502 3896 988
530 3859 583 3910 sq.;
612 3858 694 3910 quem
723 3836 812 3894 secuti
841 3842 907 3893 sunt
933 3839 1105 3894 Euhemerus
1142 3840 1217 3909 apud
1237 3841 1308 3910 Hyg.
1336 3841 1404 3894 astr.

230 3930 322 3994 1112;
354 3932 514 4001 „Apollod.“
545 3931 611 3986 bibl.
631 3931 658 3984 ΙΙ
683 3932 708 4000 4,
729 3930 758 3992 3;
789 3931 863 3983 unde
896 3930 1022 3985 Minerva
1048 3931 1202 3999 Γοργοφόνος
1230 3930 1403 3999 appellatur:

230 4021 288 4076 Ion.
307 4039 333 4074 v.
356 4021 437 4085 14783
459 4021 544 4091 Orph.
564 4021 591 4075 h.
611 4021 654 4091 32,
674 4019 737 4073 8Η.

321 4112 342 4177 ²)
362 4110 509 4181 congessit
527 4128 561 4165 ea
579 4111 610 4165 P.
633 4110 721 4163 Knatz
743 4110 772 4162 in
792 4110 990 4165 dissertatione
1012 4109 1122 4179 saepius
1148 4107 1302 4176 afferenda,
1331 4126 1402 4178 quae

230 4201 405 4256 inscribitur:
426 4201 570 4266 Quomodo
589 4200 684 4254 Persei
704 4198 828 4253 fabulam
849 4200 970 4253 artifices
991 4198 1092 4253 Graeci
1112 4201 1142 4253 et
1160 4199 1281 4252 Romani
1298 4201 1403 4253 tracta-

231 4292 324 4345 verint
342 4291 433 4358 (1893)
452 4310 480 4360 p.
500 4291 583 4359 133p
612 4291 654 4343 17.

321 4382 341 4446 ³)
360 4380 554 4443 MiIchhoefer,
585 4380 733 4449 Aufaenge
760 4398 788 4449 p.
816 4379 851 4432 61
883 4398 909 4432 n.
941 4380 958 4431 2
989 4397 1039 4448 per
1071 4397 1194 4433 errorem
1219 4377 1288 4432 dicit
1318 4378 1403 4432 etiam

232 4470 413 4541 Chrysaorem
432 4471 555 4523 humana
574 4470 666 4538 specie
684 4469 836 4523 formatum
855 4467 962 4522 adesse.

320 4559 515 4628 4)Β11111111011,
535 4559 668 4628 Metopen
687 4575 743 4612 von
762 4557 892 4613 Selinunt
910 4561 930 4611 t.
952 4560 974 4611 1.
