3334 5042
784 282 824 346 41

701 375 912 383 ...m

218 478 426 543 nihilominus
443 479 602 544 Perseum
618 480 746 566 Pegaso
767 491 899 544 vectum
915 477 1002 556 facit,
1021 502 1086 544 non
1103 481 1173 567 ipse
1202 481 1264 544 hoe
1286 481 1389 562 linxit,

220 586 279 651 sed
302 582 435 651 aliunde
460 590 608 673 sumpsit.
1269 656 1273 662 ,

308 694 416 780 Atque
441 694 494 757 hic
520 697 551 758 iu
576 695 813 760 recentioris
838 698 952 760 aetatis
978 695 1138 781 quaedam
1162 695 1341 761 litterarum
1359 709 1391 761 et

217 803 295 866 artis
319 812 528 867 monumenta
553 825 727 868 excurrere
751 801 863 885 liceat,
899 806 931 868 in
956 804 1074 889 quibus
1103 805 1247 868 Perseus
1271 808 1391 890 pariter

217 910 345 994 Pegaso
363 909 501 975 vehitur.
547 911 692 989 Quorum
717 911 758 975 ad
783 914 940 995 originem
966 912 1144 976 eruendam
1160 935 1261 976 unum
1280 911 1390 978 Ovidii

220 1004 441 1082 testimonium
464 1020 628 1104 pertinere
652 1020 684 1082 in
709 1030 821 1105 aperto
847 1028 905 1084 est.
954 1019 1061 1099 Quem
1085 1023 1219 1085 strictim
1245 1020 1389 1086 fabulam

216 1127 385 1210 attingere,
411 1148 486 1189 cum
511 1127 641 1190 omnino
657 1127 817 1191 Perseum
834 1127 954 1211 Pegasi
980 1131 1122 1213 equitem
1146 1131 1300 1210 nonunet,
1326 1131 1389 1192 iam

216 1242 312 1298 antea
335 1232 488 1297 diximus.
532 1234 647 1318 Neque
672 1236 758 1298 enim
783 1256 923 1320 quanam
949 1237 979 1298 in
1006 1236 1180 1299 occasione
1205 1234 1334 1319 Pegaso
1359 1248 1391 1301 et

216 1342 337 1425 potitus
362 1350 394 1405 et
416 1363 497 1405 usus
522 1343 573 1424 sit,
599 1344 838 1426 cognoscimus
864 1342 966 1426 Vagis
990 1352 1099 1406 antem
1124 1367 1165 1406 ex
1182 1343 1293 1407 Ovidii
1317 1367 1389 1408 ver-

214 1445 265 1511 bis
291 1446 448 1534 explicari
471 1447 550 1513 mihi
567 1449 696 1513 videtur
712 1450 876 1534 Pegasum
894 1450 1016 1514 Perseo
1041 1451 1083 1514 ad
1109 1452 1218 1514 onmia
1241 1449 1389 1517 facinora

214 1554 369 1619 tributum
395 1577 479 1620 esse.

305 1662 392 1743 Quin
417 1664 513 1727 etiam
530 1664 634 1749 ipsam
653 1673 741 1727 ante
759 1664 917 1729 Medusae
936 1664 1072 1728 caedem
1097 1689 1170 1728 eum
1195 1666 1388 1751 possedisse

214 1769 325 1834 l'ertur.
374 1769 471 1850 Quod
494 1771 618 1857 primus
642 1772 858 1835 Boccatius
895 1754 1041 1859 proferre
1073 1772 1212 1855 videtur,
1249 1796 1323 1837 cum
1347 1774 1388 1838 de

213 1877 335 1941 Perseo
371 1876 413 1941 ad
452 1876 625 1963 Gorgones
661 1878 850 1963 profecturo
886 1878 987 1943 dieat:
1027 1881 1195 1961 habuitque
1232 1881 1389 1964 Pegasum

214 1984 335 2049 alatam
370 1984 427 2067 (de
462 1983 656 2070 genealogia
692 1985 828 2050 deorum
857 1985 907 2049 XI
930 1987 985 2070 25)
1021 1998 1071 2049 et:
1107 1990 1152 2052 sie
1186 1994 1214 2052 et
1239 1988 1388 2053 Perseum

214 2089 297 2173 (scil.
322 2091 486 2175 Pegasum
514 2090 655 2177 tulisse),
691 2094 767 2157 1111111
791 2095 835 2158 ad
860 2093 1027 2177 Gorgonas
1050 2097 1107 2157 1111
1147 2093 1236 2178 (ibid.
1262 2096 1293 2159 X
1319 2098 1387 2178 27).

214 2198 420 2286 Quamquam
458 2200 509 2262 his
549 2223 624 2263 cum
663 2199 744 2264 locis
783 2223 849 2264 non
886 2203 931 2264 ita
970 2201 1053 2265 bene
1093 2204 1255 2284 convenit,
1300 2204 1388 2288 quod

212 2305 310 2392 paulo
354 2315 429 2371 ante
476 2307 638 2391 Pegasum
690 2307 730 2371 de
782 2310 940 2392 sanguiue
988 2308 1152 2393 Gorgonis
1197 2334 1217 2373 a
1265 2312 1387 2375 Perseo

213 2436 331 2478 caesae
354 2424 467 2478 natum
492 2436 566 2478 esse
595 2415 685 2479 dixit.
732 2414 786 2479 Ad
809 2416 1000 2480 Boccatium
1026 2428 1132 2480 autem
1167 2418 1387 2482 recentissimi

212 2531 364 2586 auctores
388 2522 495 2586 redire
519 2523 684 2587 videntur:
712 2522 872 2609 Georges,
898 2526 953 2609 qui
977 2524 1056 2588 dicit
1079 2526 1236 2588 Perseum
1258 2526 1386 2610 Pegaso

214 2651 310 2701 usum
335 2653 395 2718 per
418 2651 495 2694 aera
518 2632 549 2694 in
569 2631 760 2716 Gorgonum
776 2653 920 2715 regnum
938 2634 1132 2717 pervenisse
1150 2644 1182 2695 et
1199 2643 1386 2719 praepetem

213 2739 414 2803 nominatum
439 2760 523 2821 esse,
561 2739 647 2824 quod
671 2738 790 2825 plumis
826 2739 984 2803 talaribus
1010 2741 1187 2804 instructus
1224 2740 1385 2827 simulque

210 2845 339 2929 Pegaso
355 2844 449 2911 'alato
474 2858 588 2910 vectus
612 2845 711 2910 fuerit
720 2846 751 2932 ¹),
777 2856 809 2910 et
823 2847 864 2910 H.
881 2847 979 2923 Wolf,
1006 2850 1062 2932 qni
1079 2848 1239 2911 Perseum
1257 2849 1384 2931 Pegaso

211 2952 408 3018 insidentem
433 2953 474 3018 ad
499 2953 673 3038 Gorgones
698 2954 881 3040 proiectum
907 2977 981 3018 esse
1007 2954 1126 3039 dicit.²)

299 3059 409 3147 Atque
443 3061 528 3125 idem
555 3063 586 3125 in
622 3060 733 3125 fabula
761 3060 814 3125 illa
844 3060 966 3125 factum
1002 3085 1077 3126 esse
1112 3062 1251 3145 videtur,
1289 3086 1385 3149 quam

212 3166 326 3232 colona
361 3172 500 3254 agrestis
535 3168 598 3235 loei
620 3170 784 3233 Etrusci
825 3171 881 3255 qui
915 3170 1152 3234 Pratovecehio
1188 3172 1383 3251 nominatur,

212 3275 357 3340 edidisse
382 3276 544 3359 dicitur.³)
592 3277 699 3357 Quam
729 3277 873 3340 breviter
894 3299 1029 3342 narrare
1061 3278 1148 3342 haud
1172 3277 1283 3342 inutile
1309 3301 1383 3342 esse

212 3382 369 3448 videtur«

230 3545 238 3559 Ι
299 3490 350 3555 Ae
385 3514 444 3555 rex
480 3490 591 3555 liberis
628 3514 744 3555 carens
781 3490 935 3576 precibus
971 3491 1067 3555 factis
1092 3490 1190 3556 liliam
1220 3493 1381 3578 impetrat,

212 3598 298 3683 qued
328 3599 355 3662 si
382 3598 484 3662 filium
511 3601 693 3683 genuisset,
725 3599 828 3684 ipsius
858 3600 955 3662 exitio
985 3598 1130 3662 futurum
1160 3609 1238 3662 erat.
1288 3599 1384 3679 Quod

211 3727 284 3770 eum
308 3708 353 3770 ita
377 3716 475 3789 esset,
500 3715 593 3792 pater
616 3704 716 3770 filiam
739 3706 858 3770 nutrici
882 3705 1023 3777 tradidit,
1048 3715 1082 3770 111
1097 3709 1130 3769 in
1147 3709 1227 3770 turri
1244 3706 1383 3792 quadam
1494 3764 1496 3766 ,

211 3814 399 3879 custodiret.
446 3815 519 3878 Hac
542 3826 651 3879 tamen
675 3816 780 3900 pretio
805 3824 959 3900 corrupta
981 3813 1067 3877 filius
1092 3816 1179 3898 regis
1210 3814 1380 3878 cuiusdam

212 3931 339 3987 secreto
370 3922 457 3986 filiae
485 3921 530 3986 illi
567 3945 602 3987 se
639 3924 751 3987 iunxit.
797 3922 906 4008 Atque
942 3921 1044 3985 filium
1080 3944 1119 3984 ea
1155 3923 1291 4007 peperit,
1327 3923 1381 4008 qui

212 4028 277 4095 XV
301 4053 387 4095 anno
411 4040 543 4116 peracto
561 4053 658 4094 avum
676 4031 827 4094 visitavit.
868 4028 979 4115 Aque
996 4031 1117 4092 missus
1144 4038 1211 4111 est,¹
1228 4040 1263 4093 111
1287 4038 1385 4116 caput

301 4227 320 4291 ¹)
339 4226 497 4279 Ausfuehrl.
526 4225 718 4279 lat-deutsch.
747 4225 982 4278 Handwoerterb.
1012 4245 1033 4277 s.
1062 4243 1087 4277 v.
1111 4225 1227 4278 Perseus
1255 4228 1283 4277 et
1312 4242 1332 4277 s.
1358 4243 1381 4279 1.

205 4331 329 4384 praepes.

299 4406 322 4474 2)
340 4405 439 4475 Progr.
460 4406 486 4458 d.
506 4406 605 4474 Gymn.
625 4424 657 4457 zu
676 4402 861 4458 Duesseldorf
877 4402 969 4474 (1896)
989 4423 1015 4472 p.
1036 4404 1078 4457 36.

214 4512 233 4559 ,¹
300 4495 321 4558 ³)
340 4494 427 4556 Pitre,
446 4493 563 4548 Novella
581 4492 710 4563 populari
729 4492 856 4547 Toseane
871 4491 973 4561 (1885),
994 4511 1076 4562 quem
1096 4492 1222 4563 sequitur
1234 4493 1382 4554 Hartland

214 4565 273 4638 'Phe
292 4584 421 4655 Legends
441 4584 471 4639 of
487 4584 605 4638 Perseus
625 4582 717 4650 (1894)
737 4582 751 4635 Ι
768 4601 794 4652 p.
815 4582 848 4635 11
868 4598 909 4652 sq.
