3334 5042
824 465 1027 530 ..50-

439 657 557 724 Eodem
580 664 708 725 auctore
724 660 820 725 etiam
842 660 1081 746 Tcyptbdomm
1101 655 1192 743 (Ἰλίου
1215 637 1326 726 ἅλωσις
1345 660 1395 724 ed.
1413 658 1506 724 Wer-

353 766 446 831 niclre
469 766 513 831 43
536 765 620 851 sqq.)
644 788 737 831 usum
759 788 827 832 esse
850 766 1026 831 notandum
1050 770 1110 850 est.

373 1050 376 1054 A
438 978 471 1045 Si
495 983 602 1044 autem
624 984 733 1045 nostro
756 979 829 1065 jure
853 978 990 1044 Cononis
1013 985 1045 1045 et
1066 979 1174 1042 Iliadis
1197 998 1315 1062 parvae
1343 980 1505 1043 versiones

349 1086 555 1170 sejunximus,
580 1107 632 1152 eas
649 1088 768 1171 optime
783 1087 947 1151 distinctas
961 1088 995 1150 in
1010 1087 1080 1151 loco
1096 1086 1190 1150 docto
1207 1084 1306 1150 Servii
1322 1088 1504 1168 reperimus,

349 1184 412 1275 quo
429 1194 588 1258 sententia
603 1181 726 1277 prolata
742 1193 870 1278 egregie
886 1192 1100 1257 confirmatur.
1133 1192 1214 1256 Eum
1230 1193 1329 1275 igitur
1344 1193 1503 1276 integrum

348 1301 445 1364 affero
464 1299 592 1364 11166:
620 1299 781 1365 »Helenus
804 1300 886 1384 apud
913 1300 1060 1364 Arisbam
1083 1304 1193 1383 captus
1216 1298 1381 1364 aGraecis
1403 1305 1449 1364 est
1472 1306 1504 1366 et

348 1406 501 1470 indicavit
516 1411 643 1471 coactus
659 1406 725 1472 fata
740 1406 888 1491 Trojana‚
911 1407 945 1470 in
969 1406 1083 1489 quibus
1108 1406 1203 1470 etiam
1226 1407 1265 1470 de
1286 1406 1452 1472 Palladio.
1471 1456 1504 1472 ..

455 1513 508 1577 alii
532 1513 642 1577 dieunt
664 1513 819 1577 Helenum
843 1533 906 1577 non
934 1517 1064 1598 captum
1092 1511 1149 1576 sed
1175 1514 1291 1591 dolore,
1321 1515 1405 1595 quod
1432 1520 1504 1597 post

451 1623 589 1683 mortem
611 1618 738 1683 Paridis
761 1619 884 1683 Helena
905 1619 1022 1703 judicio
1045 1618 1164 1683 Priami
1187 1619 1333 1683 nonsibi
1356 1621 1408 1684 sed
1431 1620 1503 1682 Dei-

453 1727 559 1809 phobo
582 1728 667 1789 esset
689 1726 879 1808 adjudicata,
915 1727 947 1789 in
973 1726 1060 1789 Idam
1083 1731 1223 1790 montem
1258 1724 1375 1808 fugisse
1408 1731 1502 1810 atque

450 1831 562 1896 exinde
585 1835 734 1896 monente
764 1830 939 1896 Calchante
966 1833 1166 1916 productum,
1202 1832 1240 1896 de
1269 1832 1410 1897 Palladio
1445 1855 1502 1917 pro

450 1939 522 2003 odio
543 1936 727 2021 prodidisse.

431 2045 522 2110 Tune
543 2043 711 2109 Diomedes
735 2048 768 2109 et
783 2042 901 2123 Vlixes,
926 2049 962 2108 ut
985 2045 1040 2108 alii
1056 2046 1174 2122 dicunt,
1199 2045 1361 2123 cuniculis,
1385 2053 1423 2109 ut
1446 2047 1501 2111 alii

343 2151 466 2230 elensis,
491 2151 701 2216 ascenderunt
727 2172 830 2216 arcem
855 2157 888 2215 et
909 2152 1019 2216 occisis
1039 2151 1220 2216 custodibus
1236 2154 1390 2217 sustulere
1405 2153 1500 2217 simu-

342 2257 471 2323 lacrum.
495 2295 539 2304 -
562 2252 623 2333 Qui
646 2279 716 2322 eum
733 2263 971 2323 reverterentur
993 2260 1032 2323 ad
1048 2279 1155 2337 naves,
1179 2258 1287 2323 Vlixes
1312 2307 1320 2323 .
1345 2307 1353 2324 .
1378 2283 1406 2323 ,ιι
1432 2259 1497 2346 (se-

342 2365 451 2448 quitur
473 2365 828 2448 paroemiographorum
851 2365 1014 2441 narratio).

429 2469 537 2534 Verba
562 2470 749 2536 »Diomedes
772 2477 804 2536 et
825 2470 934 2536 Vlixes
957 2473 1108 2537 cuniculis
1136 2471 1346 2535 ascenderunt
1370 2491 1495 2535 arcem«

341 2577 513 2642 secundum
525 2598 605 2660 quae
618 2582 750 2662 uterque
762 2578 854 2642 heros
866 2577 994 2663 Trojam
1005 2580 1117 2654 intrat,
1131 2576 1172 2642 ad
1186 2577 1323 2642 Cononis
1335 2583 1497 2643 auctorem

340 2682 448 2748 referri
464 2705 528 2748 non
544 2688 684 2768 possunt.
723 2683 838 2749 Melius
854 2707 924 2749 cum
940 2684 1045 2751 verbis
1060 2685 1220 2750 »Helenus
1238 2733 1245 2748 .
1263 2732 1271 2749 .
1288 2689 1399 2768 eaptus
1416 2733 1423 2748 .
1441 2734 1449 2747 .
1466 2690 1498 2749 et

339 2791 492 2855 indicavit
514 2796 661 2856 coaetus«
683 2792 869 2868 cohaerent;
894 2813 1011 2875 exque
1034 2795 1121 2856 reete
1144 2792 1291 2876 conjicies
1309 2812 1349 2856 ea
1364 2793 1405 2856 ad
1422 2790 1496 2855 Ilia·

339 2896 412 2962 dem
446 2918 578 2980 parvam
612 2897 780 2981 pertinere.
839 2899 937 2964 Vides
971 2920 1034 2984 quo
1062 2900 1155 2964 modo
1181 2900 1214 2962 in
1243 2899 1381 2962 carmine
1409 2899 1496 2981 epico

338 3003 450 3069 heroes
472 3025 505 3069 se
527 3004 561 3067 in
585 3004 694 3068 urbem
715 3005 916 3071 immiserint.

425 3216 514 3281 Haec
536 3217 634 3302 igitur
658 3218 737 3281 mibi
757 3219 827 3284 visa
842 3223 915 3282 sunt
931 3238 971 3281 ex
986 3217 1089 3282 Iliade
1105 3239 1206 3302 parva
1221 3218 1379 3283 enucleari
1394 3239 1493 3301 posse,

336 3345 438 3408 neque
457 3325 524 3408 jam
547 3325 702 3408 impedior
724 3326 800 3409 quin
824 3327 863 3389 ad
885 3323 1009 3389 fabulas
1027 3324 1162 3408 Argivas
1178 3326 1311 3390 redeam.
1347 3323 1493 3389 Vidimus

336 3431 419 3495 enim
454 3453 517 3514 quo
546 3431 640 3495 modo
668 3430 835 3495 Diomedes
858 3431 1034 3495 Palladium
1059 3434 1186 3517 ceperit,
1223 3437 1255 3496 et
1288 3431 1380 3495 facile
1414 3430 1492 3495 baec

335 3557 437 3620 pauca
471 3539 618 3621 supplere
653 3559 830 3622 possumus:
872 3540 1000 3603 domum
1033 3539 1192 3623 profectus
1227 3540 1353 3625 signum
1392 3536 1492 3619 Argos

197 3672 251 3704 ,1-
334 3664 440 3709 seeum
463 3644 539 3708 tulit
560 3645 667 3728 ibique
690 3643 850 3709 Minervae
874 3646 1043 3710 dedicavit.

332 3855 397 3909 mihi
415 3855 536 3909 videntur
553 3870 623 3924 quae
641 3873 667 3926 p.
687 3856 739 3910 100
756 3853 949 3925 presented,
967 3870 1027 3908 enm
1045 3870 1114 3925 quae
1133 3855 1166 3910 de
1179 3854 1270 3911 Servio
1283 3853 1393 3924 ejusque
1412 3853 1491 3908 inter·

332 3943 454 4013 polatorc
470 3943 615 4014 judicanda
634 3945 686 3999 sint
703 3945 811 4000 minime
831 3945 943 3999 constet.
963 3972 996 3982 -
1015 3942 1132 3998 Cononis
1144 3944 1323 3999 narrationem
1334 3942 1370 3997 34
1386 3959 1490 3997 revera

332 4048 365 4087 ex
393 4032 551 4102 compendio
570 4034 686 4104 quodam
709 4033 816 4088 fluxisse
844 4034 910 4087 haec
932 4031 1022 4102 potius
1045 4033 1218 4102 comprobare
1240 4031 1374 4087 videntur:
1399 4073 1405 4083 .
1425 4073 1430 4084 .
1450 4033 1490 4084 καὶ

301 4191 305 4200 “
331 4126 421 4191 κρατεῖ
439 4124 482 4194 βίᾳ
507 4122 547 4174 καλ
569 4125 697 4194 θεραπείᾳ
723 4128 772 4176 τῶν
795 4124 909 4175 δυνατῶν
931 4122 1060 4192 Δηίφοβος
1081 4121 1126 4189 (ef.
1146 4121 1253 4189 Hoefer,
1276 4120 1343 4175 Adn.
1364 4121 1435 4188 115).
1454 4152 1486 4160 -

330 4211 371 4263 καλ
389 4212 421 4264 τὰ
436 4213 484 4277 μὲν
502 4211 621 4272 ἀπειλαῖς,
641 4212 673 4264 τὰ
691 4213 720 4264 dd
739 4212 837 4281 δώροις,
859 4212 932 4263 πλέον
951 4212 980 4263 δὲ
999 4215 1033 4283 τῇ
1050 4212 1115 4280 πρὸς
1128 4208 1219 4280 Τρῶας
1234 4213 1303 4282 ὀργῇ
1319 4210 1489 4263 ἀποκαλύπτει

325 4284 428 4360 'Elaos'
443 4319 464 4352 κ.
476 4320 497 4352 τ.
508 4300 529 4352 λ.
549 4299 575 4354 in
594 4299 690 4370 quibus
709 4300 812 4354 diversa
829 4302 965 4354 momenta
983 4298 1163 4354 contaminata
1181 4313 1240 4353 esse
1258 4301 1379 4369 apparet.
