3334 5042
829 247 871 313 16

262 447 332 511 Nec
355 467 435 510 vero
460 454 549 508 ortus
574 445 645 530 ipse
670 466 851 530 expressus
882 453 941 507 est.
988 444 1132 507 Perseus
1160 443 1248 506 enim
1272 439 1437 526 Gorgonis

264 562 362 639 eaput
385 552 516 616 demum
542 551 757 617 desecaturus
783 562 841 615 est
889 550 957 615 Sed
979 559 1088 614 tumen
1113 572 1156 613 ex
1179 552 1258 614 artis
1282 552 1437 614 vetustio-

262 661 308 724 ris
333 658 572 724 oonsuetudine
600 659 750 744 Pegasus
779 657 886 722 alatus
909 657 1069 721 Medusae
1097 656 1262 721 bracchiis
1292 679 1440 744 compre·

262 765 387 832 hensus
411 768 642 852 anticipatione
667 765 798 830 additus
823 774 882 830 est.
930 764 983 829 Ab
1007 766 1048 828 iis
1076 774 1185 828 autem
1202 766 1258 852 qui
1274 766 1439 850 Pegasum

262 896 281 938 e
307 897 447 960 corpore
471 873 632 938 Medusae
656 874 753 937 modo
778 873 973 959 prosiluisse
997 877 1153 958 putant1),
1179 872 1439 937 dissentiendum

266 990 325 1058 est,
351 1004 426 1046 curn
451 982 595 1045 Perseus
621 991 720 1067 caput
743 981 877 1044 demum
900 979 1093 1045 abscisurus
1119 980 1169 1043 sit.
1216 978 1325 1066 Atque
1343 981 1440 1044 etiam

265 1112 378 1154 eorum
403 1089 511 1174 opinio
537 1090 625 1154 omni
648 1111 730 1152 ansa
755 1098 854 1170 caret,
881 1090 937 1174 qui
961 1109 1166 1151 communem
1192 1087 1313 1173 Pegasi
1334 1097 1439 1151 ortum
1491 1083 1509 1179 '-

266 1219 462 1283 expressum
499 1217 573 1259 esse
602 1196 832 1279 existimant2).
881 1194 989 1275 Quem
1017 1216 1083 1258 uua
1110 1194 1272 1257 Lactantii
1302 1197 1358 1280 qui
1385 1216 1441 1258 vo·

266 1315 367 1387 catur,
406 1305 674 1389 interpretatione
709 1301 864 1388 praeberi
898 1302 1040 1366 vidimus
1076 1301 1130 1386 (cf,
1159 1325 1188 1387 p.
1223 1301 1283 1386 14).
1330 1301 1440 1388 Atque

264 1411 310 1476 illi
338 1413 472 1475 nimium
503 1411 718 1475 vetustiorum
754 1409 916 1473 artificum
953 1409 1202 1473 consuetudinis
1233 1411 1441 1474 immemores
1520 1390 1524 1399 ¹

264 1528 350 1597 sunt,
376 1520 432 1605 qui
456 1516 607 1602 neglecto
631 1518 742 1603 poesis
767 1519 913 1603 artisque
937 1515 1084 1600 fingendi
1100 1517 1239 1580 termino
1257 1538 1322 1581 uon
1339 1539 1440 1581 unum

264 1635 468 1691 momentum
492 1626 702 1711 expressisse
727 1626 806 1688 satis
831 1624 963 1702 habeut,
983 1623 1041 1687 sed
1066 1625 1164 1688 etiam
1181 1624 1270 1710 quod
1293 1634 1441 1688 anteces-

265 1735 307 1798 sit
330 1733 384 1798 vel
408 1733 496 1819 quod
521 1742 678 1818 sequetur
702 1730 897 1816 significant.
972 1764 974 1769 ¹

357 1859 470 1945 lpsum
494 1881 572 1923 vero
597 1858 757 1922 nascendi
780 1867 980 1921 momentum
1007 1856 1115 1920 bisin
1144 1860 1362 1921 monumentis
1390 1881 1441 1921 re-

264 1976 509 2053 praesentatum
535 1976 593 2030 est.
630 1965 671 2029 ln
694 1974 808 2050 patera
833 1965 960 2028 Rhodia
984 1987 1067 2029 mus.
1093 1965 1174 2030 Brit.
1198 1966 1301 2050 nigris
1326 1965 1440 2049 figuris

265 2075 385 2159 pietass)
410 2073 549 2137 Medusa
578 2094 661 2159 quae
692 2083 844 2158 quattuor
873 2071 933 2135 alis
974 2072 1122 2157 praedita
1150 2082 1182 2135 et
1210 2075 1321 2136 tunica
1348 2071 1441 2136 brevi

266 2183 385 2245 vestita
409 2190 469 2262 est,
494 2182 600 2266 capite
625 2179 758 2243 desecto
787 2182 820 2244 in
849 2202 938 2263 genu
966 2179 1150 2265 procubuit,
1181 2203 1199 2242 e
1231 2179 1314 2244 collo
1344 2189 1442 2267 caput

238 2336 240 2341 <
267 2291 424 2374 equinum
449 2290 584 2370 eminet3
609 2287 769 2351 Perseum
793 2287 1016 2371 aufugientem
1048 2286 1131 2350 duae
1157 2285 1322 2372 Gorgonis
1352 2310 1441 2351 soro-

267 2418 321 2460 res
346 2404 604 2481 persequuntur3
634 2395 819 2459 Mercurius
844 2404 876 2457 et
898 2394 1057 2476 Minerva,
1091 2396 1148 2480 qui
1175 2398 1260 2459 inter
1282 2395 1442 2459 Perseum

268 2513 300 2566 et
329 2502 411 2567 duas
437 2502 611 2587 Gorgones
642 2514 726 2583 sunt,
756 2505 832 2565 item
875 2500 1056 2586 aufugiunt
1104 2502 1286 2566 Persimilis
1314 2505 1442 2589 pictura

268 2633 352 2696 quae
376 2613 449 2695 ipsa
474 2632 604 2696 quoque
628 2608 741 2694 figuris
766 2612 869 2694 nigris
893 2608 993 2673 multo
1015 2619 1124 2674 tamen
1141 2610 1442 2695 neglegentioribus

268 2728 381 2783 ornata
416 2727 475 2798 est,
511 2719 653 2781 occurrit
687 2719 720 2780 in
755 2727 870 2802 patera
903 2716 1030 2781 Nolana
1066 2740 1147 2782 mus
1173 2718 1442 2803 Berolinensis4).

267 2823 408 2889 Medusa
425 2827 531 2911 capite
548 2826 675 2911 privata
691 2824 843 2888 manibus
860 2827 1020 2911 protentis
1044 2825 1229 2911 procubuit,
1247 2848 1265 2889 e
1283 2823 1366 2890 eollo
1391 2827 1444 2890 eui

165 2981 167 2985 -
268 2932 361 2996 aliter
385 2941 483 3018 atque
518 2934 552 2995 in
579 2934 688 3017 priore
717 2954 797 2995 vase
820 2931 916 2996 rivuli
954 2934 1123 3016 sanguinis
1160 2930 1308 3015 effluunt,
1346 2941 1445 3018 caput

269 3042 424 3126 equinum
449 3040 593 3124 emergit.
641 3039 733 3120 Quas
761 3048 893 3125 pateras
923 3041 1007 3102 inter
1035 3062 1071 3104 se
1101 3038 1286 3124 persimiles
1315 3061 1443 3103 conexu

269 3147 411 3232 quodam
430 3146 606 3211 cohaerere
623 3148 655 3210 in
672 3156 784 3232 aperto
802 3156 861 3210 est.
895 3146 945 3209 Ac
961 3147 1155 3230 Knatzius5)
1172 3157 1260 3210 recte
1277 3146 1443 3210 iudicasse

269 3254 346 3317 mihi
382 3255 513 3318 videtur
549 3253 707 3317 artificem
736 3263 868 3339 paterae
905 3252 1170 3338 neglegentioris,
1208 3255 1263 3340 qui
1299 3263 1442 3318 ceterum

225 3428 227 3441 ,
268 3361 433 3448 aequandi
463 3371 495 3424 et
523 3361 737 3426 contrahendi
767 3362 912 3424 studium
949 3361 1110 3442 ostendat,
1145 3364 1307 3447 picturam
1343 3363 1444 3448 priori

268 3470 340 3533 vasi
365 3467 563 3533 simillimam
588 3491 662 3533 cum
688 3491 727 3532 ea
752 3467 953 3549 confudisse,
983 3471 1016 3532 in
1045 3491 1110 3554 qua
1133 3468 1293 3532 Medusae
1324 3469 1445 3534 collum

170 3602 175 3609 ’
270 3580 429 3661 sanguine
458 3599 649 3662 respersum
678 3576 785 3639 fuerit.
834 3575 899 3656 Qui
929 3576 1061 3661 quidem
1090 3578 1216 3639 cruoris
1244 3575 1342 3640 rivuli
1369 3576 1443 3663 plus

270 3684 372 3747 semel
401 3676 619 3749 inveniuntur.
670 3684 851 3770 Utramque
881 3692 989 3746 autem
1019 3692 1165 3769 pateram
1194 3683 1235 3747 ab
1264 3684 1444 3748 artificibus

270 3792 386 3856 Atticis
422 3791 543 3855 factam
579 3814 655 3856 esse
683 3790 933 3875 Furtwaengler
969 3791 1088 3874 dicitu.
1135 3791 1244 3876 Atque
1274 3790 1309 3855 C.
1341 3791 1444 3856 Smith

359 4006 378 4067 ¹)
400 4003 439 4057 cf.
455 4004 637 4058 Gaedechens
651 4004 679 4056 in
693 4005 788 4057 Erseh.
801 4006 830 4057 et
846 4004 930 4057 Grub.
944 4004 1055 4072 Encycl.
1072 4022 1093 4056 s.
1104 4023 1129 4057 v.
1145 4003 1238 4072 Gorgo
1253 4023 1279 4073 p.
1292 4005 1346 4057 412
1360 4024 1387 4058 n.
1401 4004 1443 4056 34.

360 4096 380 4159 ²)
400 4093 460 4147 Duc
480 4095 514 4146 de
529 4094 648 4162 Luynes,
663 4095 768 4147 Etudes
787 4093 947 4146 numismat.
961 4112 987 4161 p.
1001 4091 1035 4146 97
1055 4112 1099 4163 sq;
1119 4094 1210 4147 Knatz
1222 4094 1290 4147 ibid.
1304 4113 1330 4164 p.
1345 4094 1388 4163 48,
1401 4094 1444 4147 49.

360 4184 380 4248 ³)
399 4183 450 4236 Ed.
471 4182 501 4239 O.
522 4183 621 4251 Smin,
640 4183 736 4238 Journ.
756 4184 787 4236 of
803 4184 906 4236 hellen.
928 4183 1001 4236 stud.
1024 4184 1045 4233 V
1068 4183 1161 4250 (1884)
1180 4184 1238 4235 tab.
1259 4184 1302 4236 43.

359 4274 380 4335 ⁴)
400 4273 622 4340 Furtwaonglcr‚
649 4270 736 4325 Catal.
756 4272 807 4325 No.
833 4272 915 4334 175&
946 4271 989 4325 ed.
1018 4272 1154 4340 Gerbard,
1181 4273 1385 4327 Trinkschelen
1407 4271 1445 4331 ΙΙ,

270 4360 325 4423 ΙΙΙ;
344 4361 621 4429 Mueller-Wieseler‚
643 4361 717 4415 ΒΑΚ
736 4361 766 4414 II
786 4362 829 4431 71,
849 4362 910 4414 897.

360 4453 380 4515 ³)
398 4469 425 4519 p.
445 4452 481 4505 48
500 4471 527 4505 n.
546 4453 571 4503 2.

254 4542 258 4552 “
360 4542 380 4606 ⁰)
400 4542 611 4609 Furtwaengler
629 4541 658 4595 in
678 4542 778 4596 Roseh.
800 4541 835 4594 M.
856 4541 885 4594 L.
907 4559 928 4597 s.
947 4559 972 4595 v.
994 4543 1094 4609 Gorgo,
1115 4540 1128 4592 l
1149 4540 1226 4593 1709.
