3334 5042
752 326 786 379 59

201 505 231 563 in
252 526 355 567 aurum
378 525 411 565 se
433 509 626 582 convertisse,
649 510 823 585 priusquam
838 517 941 566 autem
963 525 1030 565 cum
1051 506 1166 583 virgine
1191 523 1332 565 concum-

201 609 295 678 beret,
316 624 416 666 rursus
439 610 530 667 deum
551 609 665 669 iactum
686 627 756 668 esse
779 609 1012 669 contenderunt.

299 712 418 770 Eodem
440 713 500 775 illo
513 711 660 770 Demetrii
679 712 747 768 loco
767 711 850 769 nisus
869 710 973 768 Brunn
989 710 1219 768 Andromedam
1233 708 1339 768 Niciae

200 814 429 888 agnoscendam
450 805 519 871 esse
542 814 673 871 coniecit
692 813 723 870 in
738 812 841 871 tabula
857 832 876 870 a
891 811 1070 870 Philostrato
1084 811 1098 867 l
1114 811 1153 869 29
1170 811 1338 887 descripta;

200 932 278 990 quae
300 924 404 975 tamen
427 913 591 990 descriptio
614 923 739 991 propter
761 914 1016 990 compositionem
1041 913 1147 970 miram
1174 930 1211 970 ac
1239 929 1340 987 paene

199 1016 334 1092 ineptam
355 1016 618 1093 propugnaculum
641 1033 760 1091 semper
782 1014 837 1073 fuit
860 1031 965 1072 eorum
988 1014 1038 1090 qui
1054 1013 1255 1072 Philostratus
1277 1031 1340 1071 non

200 1118 398 1194 descripsisse
418 1136 506 1176 veras
529 1117 675 1191 imagines
699 1124 806 1176 contra
822 1116 987 1174 Brunnium
1010 1116 1243 1174 contenderunt.
1276 1113 1339 1172 Ne-

198 1238 257 1296 que
284 1239 357 1278 vero
387 1238 464 1296 opus
492 1229 540 1278 est
564 1228 599 1276 ut
627 1219 778 1277 hocloco
800 1227 1001 1277 retractemus
1025 1219 1066 1276 de
1089 1217 1338 1277 Philostratorum

198 1321 256 1380 fide
277 1322 490 1397 quaestionem
513 1319 730 1386 difficillimam,
764 1320 909 1396 quoniam
930 1320 956 1377 si
981 1320 1096 1379 omisso
1117 1318 1277 1377 Demetrio
1299 1336 1338 1376 ea

198 1421 369 1499 spectamus
397 1441 474 1498 quae
502 1423 542 1480 de
563 1421 671 1480 Niciae
701 1428 766 1479 arte
796 1421 868 1479 alibi
896 1422 1066 1490 traduntur,
1101 1421 1224 1478 offertur
1250 1420 1339 1478 nobis

201 1525 383 1601 compositio
416 1542 496 1600 quae
528 1525 570 1581 ad
603 1524 685 1581 illum
713 1523 861 1598 pictorem
891 1522 1038 1582 referatur
1067 1523 1245 1598 dignissima
1275 1540 1339 1581 non

196 1629 294 1686 solum
322 1626 444 1701 picturis
467 1625 496 1682 R
519 1628 630 1694 1-10,
665 1627 724 1682 sed
753 1626 846 1683 etiam
877 1625 1055 1701 anaglyphis
1078 1626 1200 1684 11-16
1230 1623 1338 1682 statuis

198 1729 245 1797 18,
269 1730 307 1789 19
336 1727 462 1801 gemmis
490 1728 614 1786 20—22
640 1728 770 1785 nummis
797 1729 920 1786 23-26
947 1727 1074 1799 tradita:
1107 1725 1235 1784 Perseus
1268 1733 1340 1802 post

194 1838 364 1888 monstrum
386 1831 579 1888 interfectum
601 1830 832 1888 Andromedam
854 1830 894 1885 de
917 1846 992 1903 rupe
1016 1803 1260 1885 descendentem
1282 1828 1337 1885 ad·

193 1932 287 1992 iuvat.
331 1931 424 1990 Cuius
451 1932 682 2007 compositionis
706 1939 862 1988 auctorem
892 1929 987 1988 fuisse
1008 1929 1127 1988 Niciam
1156 1938 1227 2006 post
1251 1930 1334 2007 Hey-

193 2029 304 2091 nium1
325 2033 535 2093 Hermannum
558 2026 798 2105 Benndorfium2
820 2031 915 2089 fusius
942 2030 1081 2107 probavit
1102 2030 1215 2104 Helbig
1229 2027 1251 2106 ³,
1285 2032 1336 2107 qui

197 2137 305 2194 Ionem
327 2153 450 2212 quoque
472 2154 490 2193 a
513 2135 664 2194 Mercurio
687 2135 845 2193 liberatam
867 2129 1129 2212 (Wandqemaelde
1150 2151 1180 2191 n.
1205 2134 1262 2193 131
1286 2128 1339 2209 ss.)

193 2238 306 2296 Niciae
329 2237 491 2295 vindicavit
514 2236 631 2294 collatis
655 2235 742 2294 Plinii
764 2235 863 2293 verbis
882 2233 946 2312 (35,
969 2234 1041 2312 132)
1062 2232 1180 2296 ‘Nicias
1204 2281 1336 2299 .....

195 2341 268 2398 iecit
290 2350 322 2398 et
346 2342 478 2416 grandes
502 2341 644 2415 picturas,
677 2339 839 2414 inquibus
870 2348 941 2396 sunt
963 2337 1094 2414 Calypso
1116 2346 1147 2395 et
1164 2339 1197 2396 lo
1221 2349 1252 2396 et
1274 2340 1337 2396 An·

195 2427 371 2500 dromeda'.
416 2440 538 2517 Optime
560 2441 601 2498 ad
624 2439 864 2498 confirmandam
884 2439 939 2496 viri
962 2438 1130 2497 doctissimi
1156 2440 1339 2523 sententiam

194 2543 316 2615 accidit,
351 2551 384 2600 ut
404 2560 501 2617 nuper
522 2542 727 2599 invenirentur
749 2543 830 2599 duae
852 2542 921 2599 illae
943 2540 1090 2615 imagines
1114 2539 1196 2598 lonis
1219 2547 1252 2598 et
1273 2540 1335 2598 An·

195 2645 365 2701 dromedae
388 2642 420 2701 in
442 2661 504 2702 una
525 2643 642 2718 pariete
664 2643 742 2701 inter
764 2661 798 2700 se
820 2643 1045 2718 respondentes
1058 2639 1081 2701 4.

294 2746 399 2805 Altera
422 2763 516 2805 causa
537 2747 676 2804 nondum
697 2756 843 2822 quantum
865 2742 928 2803 s'cio
950 2745 1070 2820 prolata
1091 2745 1241 2801 accedere
1264 2743 1337 2801 mihi

193 2851 313 2907 videtur
344 2851 384 2906 ad
418 2850 673 2924 compositionem
701 2854 835 2904 nostram
858 2844 963 2903 Niciae
986 2845 1218 2902 vindicandam:
1252 2845 1337 2920 quod

193 2951 433 3028 anaglyphorum
455 2960 548 3024 atque
570 2950 663 3007 etiam
684 2957 854 3007 statuarum
876 2948 1007 3006 artifices
1029 2966 1097 3006 eam
1122 2956 1210 3006 tanto
1235 2949 1336 3006 studio

192 3052 302 3117 imitati
332 3048 440 3120 sunt53
472 3059 715 3109 consentaneum
743 3051 824 3108 enim
852 3059 928 3119 erat,
963 3060 995 3107 ut
1016 3050 1123 3108 Niciae
1145 3052 1195 3125 qui
1213 3040 1335 3111 ‘lumen

193 3163 225 3212 et
247 3154 369 3211 umbras
390 3152 535 3211 custodiit
561 3161 653 3226 atque
681 3163 714 3211 ut
740 3152 909 3210 eminerent
931 3171 948 3210 e
969 3153 1078 3210 tabulis
1105 3152 1242 3228 picturae
1271 3171 1334 3211 ma·

192 3256 274 3313 xime
296 3241 425 3313 curavit’
447 3251 534 3331 (Plin.
557 3254 606 3323 35,
631 3255 702 3330 131)
725 3271 819 3328 opera
841 3255 934 3312 etiam
957 3253 1125 3328 sculptores
1148 3255 1189 3312 ad
1211 3254 1330 3313 imitan-

193 3359 266 3431 dum
288 3358 457 3445 invitarent.
486 3423 489 3429 Ι

293 3486 304 3524 ¹
322 3491 423 3540 Comm.
441 3491 556 3553 Gotting.
574 3492 605 3539 X
622 3507 648 3556 p.
667 3490 692 3542 3.

288 3573 305 3655 '²
322 3579 364 3628 De
381 3579 549 3642 anthologiae
567 3595 676 3643 graecae
696 3556 890 3646 epigrammatis
907 3598 951 3647 pp.
971 3579 1013 3632 62.
1033 3579 1075 3630 71.

293 3664 560 3732 ³Untersuchungen
576 3670 642 3719 iiber
661 3670 703 3719 die
722 3669 904 3735 campanische
927 3668 1126 3718 Wandmalerei
1144 3685 1170 3733 p.
1191 3667 1243 3719 140
1261 3684 1282 3718 S.

291 3754 362 3808 4Ci.
384 3759 481 3810 Roem.
500 3759 568 3810 Mitt.
587 3759 613 3807 V
632 3774 658 3824 p.
678 3756 738 3811 233.

291 3842 303 3878 ⁵
321 3848 408 3896 Recte
426 3847 496 3896 enim
513 3847 564 3896 iam
577 3848 709 3897 Hermann
727 3848 815 3898 statuit
827 3849 910 3914 primo
925 3856 1006 3897 ortam
1020 3862 1079 3896 esse
1096 3848 1221 3913 picturam
1240 3845 1336 3895 deinde

194 3933 340 3999 anaglypha
361 3942 422 3984 tunc
445 3942 551 3986 statuas.
597 3936 762 4001 Excipienda
785 3943 870 3985 autern
893 3944 952 3986 sunt
975 3935 1123 4001 anaglypha
1145 3936 1174 3984 R
1193 3932 1235 3993 15,
1256 3932 1289 3985 16
1311 3941 1337 3982 et

194 4036 314 4071 nummus
332 4025 361 4072 R
380 4022 422 4089 26,
444 4025 472 4072 in
495 4024 590 4089 quibus
609 4026 728 4085 Perseus,
754 4041 909 4090 quamquam
929 4041 944 4074 a
963 4026 1067 4074 sinistra
1085 4024 1165 4085 venit,
1195 4030 1281 4072 tamen
1308 4028 1336 4071 ut

192 4105 220 4158 in
239 4109 347 4176 reliquis
367 4113 492 4178 exemplis
509 4114 697 4164 Andromedae
714 4114 792 4164 offert
809 4131 913 4164 manum
935 4115 1060 4175 dextram,
1085 4122 1114 4165 ut
1132 4121 1240 4176 cogatur
1262 4129 1335 4180 spec·

192 4200 308 4249 rantibus
328 4201 460 4252 advertere
483 4210 594 4267 tergum.
632 4204 689 4268 Qua
715 4204 846 4269 positione
873 4205 906 4253 ab
936 4204 1092 4270 anaglyphis
1116 4204 1203 4255 aliena
1228 4206 1334 4255 demon·

193 4292 287 4337 stratur
314 4288 426 4339 artifices
454 4290 515 4341 illos
541 4293 591 4340 iam
615 4298 673 4341 ante
697 4292 789 4342 oculos
813 4291 940 4342 habuisse
965 4299 1062 4343 statuas
1088 4293 1206 4344 eiusdem
1234 4294 1335 4363 generis

192 4381 269 4441 atque
288 4379 317 4426 R
334 4379 375 4442 la,
395 4395 457 4444 quas
476 4388 604 4446 tamquam
624 4398 638 4431 a
657 4390 731 4446 tergo
750 4382 843 4433 imitati
863 4388 930 4437 suut.
