3334 5042
817 438 1023 502 -20-

555 670 605 733 16.
631 669 756 732 Pictcrrc
778 669 974 754 Pompcjunc,
1000 678 1033 734 c.
1057 668 1139 731 1872
1160 671 1279 755 effosso.

399 798 402 810 '
514 790 580 845 lius.
599 789 707 846 Nazion.
744 789 835 845 Giorn.
854 790 925 860 degli
943 785 1020 845 Scaii
1038 789 1064 843 di
1083 790 1176 860 Pomp.
1195 789 1220 844 ll
1239 793 1258 844 t.
1277 791 1310 846 X.

425 916 526 982 Locus
560 940 623 1001 quo
659 938 773 982 scaena
807 918 913 1000 agitur
951 940 1046 1002 quam
1083 918 1317 982 accuratissime
1351 918 1497 1002 depictus

335 1029 398 1091 est:
432 1045 527 1109 quom
565 1023 704 1108 primum
747 1023 971 1089 describemus,
1007 1060 1049 1069 —
1082 1021 1122 1086 In
1157 1025 1332 1106 posteriore
1368 1023 1497 1088 tabulae

333 1136 426 1214 parte
450 1131 605 1215 templum
622 1132 763 1195 doricum
784 1132 912 1209 eminet,
938 1122 1028 1215 cujus
1052 1129 1141 1195 frons
1164 1135 1320 1213 quattuor
1343 1131 1497 1196 columnis

337 1243 453 1303 ornata
498 1242 545 1302 est
589 1238 675 1302 inter
725 1258 806 1321 quas
856 1243 945 1302 serta
989 1238 1138 1320 pendent.
1190 1272 1229 1284 -
1275 1236 1379 1321 Major
1423 1257 1497 1320 pars

333 1345 421 1409 aedis
445 1345 514 1408 velo
537 1344 660 1429 ingenti
695 1343 858 1408 occultata
893 1333 1061 1427 estquod
1094 1345 1181 1407 tecto
1211 1347 1242 1406 et
1270 1342 1424 1407 columnis
1448 1348 1497 1407 est

334 1450 517 1535 alligatum.
578 1449 712 1515 Videtur
752 1454 860 1514 tamen
897 1449 985 1513 nullo
1032 1448 1095 1513 alio
1139 1449 1269 1513 oonsilio
1313 1450 1358 1513 sic
1400 1449 1496 1512 collo·

335 1560 443 1620 catum
466 1577 545 1634 esse,
575 1558 638 1622 nisi
666 1561 703 1621 ut
730 1556 843 1642 figuris
866 1557 1103 1621 antestantibus
1130 1554 1250 1619 nudam
1273 1570 1382 1619 aream
1405 1575 1497 1637 prae-

332 1662 416 1727 beat.
445 1663 610 1748 Apparent
622 1668 694 1747 post
705 1663 860 1746 templum
876 1662 1104 1726 nonnullorum
1120 1682 1339 1746 cypressorum
1351 1658 1496 1745 fastigia3

333 1762 378 1814 έ-
401 1776 508 1834 sentes
530 1770 564 1833 in
588 1768 702 1833 dextra
722 1769 854 1833 tabulae
877 1773 978 1852 parte,
1002 1770 1036 1832 in
1049 1761 1166 1833 'media
1188 1769 1284 1833 arbor
1307 1766 1398 1831 arida
1421 1789 1497 1831 con-

336 1876 478 1960 spicitur.
1062 1961 1065 1966 ι

421 1980 496 2045 Jam
507 1980 710 2065 perspicuum
724 1985 773 2045 est
784 1980 892 2045 lucum
901 1981 1082 2066 significari.
1108 1979 1242 2045 Accedit
1248 1982 1334 2063 quod
1345 1983 1379 2043 in
1393 1980 1498 2043 media

334 2086 397 2151 fere
420 2087 535 2151 tabula
558 2107 616 2150 ara
638 2087 753 2171 ingens
776 2092 843 2152 stat
867 2111 939 2153 oum
966 2088 1039 2171 igne
1061 2087 1223 2171 flagranti.
1271 2087 1400 2151 Eminet
1422 2092 1497 2169 post

333 2187 407 2275 eam*
425 2195 511 2258 basis
533 2193 691 2257 altissima
713 2195 747 2256 in
771 2215 838 2278 qua
857 2196 961 2279 tripus
977 2195 1143 2278 impositus
1159 2198 1217 2258 est.
1264 2194 1369 2258 Etiam
1386 2213 1498 2257 mensa

333 2320 422 2364 sacra
441 2299 537 2363 variis
552 2300 645 2364 donis
661 2305 794 2366 onerata
806 2303 903 2385 juxta
918 2300 1034 2365 altaria
1050 2304 1146 2364 astat.
1188 2300 1345 2365 Columna
1361 2300 1496 2382 denique

333 2405 493 2488 utrimque
524 2408 641 2472 eminet
668 2408 717 2472 ita
750 2413 787 2472 ut
810 2409 982 2492 spectatori
1008 2407 1153 2491 proxima
1177 2407 1219 2469 sit
1242 2410 1340 2489 atque
1363 2406 1496 2469 dimidia

331 2516 460 2577 tantum
492 2515 715 2599 conspiciatur.
773 2513 863 2590 Quae
900 2516 934 2579 in
973 2514 1104 2578 sinistra
1138 2516 1205 2576 stat
1243 2494 1325 2575 niliil
1362 2513 1496 2594 praebet

331 2619 471 2702 insigne;
498 2619 611 2700 altera,
634 2621 737 2686 ionico
761 2620 900 2705 capitulo
928 2621 978 2685 cui
1001 2639 1081 2683 urna
1110 2619 1260 2703 imposita
1288 2622 1337 2682 est
1368 2623 1494 2694 ornata,

330 2726 447 2790 taeniis
478 2731 548 2791 tota
579 2727 683 2792 cincta
710 2733 766 2792 est.
807 2728 898 2793 Dona
930 2726 1068 2803 (fructus
1084 2725 1133 2790 vel
1157 2721 1229 2811 ova)
1251 2721 1324 2787 basi
1345 2725 1496 2808 imposita

330 2836 416 2910 sunt,
440 2853 524 2916 quae
547 2834 617 2918 ipsa
640 2855 767 2917 quoque
790 2834 904 2897 taeniis
927 2838 977 2896 est
992 2837 1119 2897 ornata.
1167 2830 1251 2906 Quin
1273 2830 1324 2893 his
1347 2832 1495 2894 omnibus
1527 2826 1530 2829 ‘

331 2937 511 3023 sepulcrum
546 2940 704 3005 indicetur
738 2940 876 3004 dubitari
899 2962 969 3004 mea
992 2940 1153 3003 sententia
1175 2950 1240 3002 non·
1274 2941 1383 3020 potest
1392 2932 1427 3021 ¹).
1453 2972 1495 2981 —

422 3043 484 3112 Sed
497 3047 565 3130 jam
586 3047 625 3111 ad
642 3047 759 3129 figuras
775 3047 879 3111 venio.
919 3044 1004 3108 Ante
1015 3046 1175 3110 tumulum
1192 3066 1286 3128 supra
1302 3045 1494 3127 descriptum

335 3152 450 3237 mulier
479 3156 544 3239 stat
573 3148 677 3237 capite
698 3153 907 3237 corporisque
930 3156 1021 3235 parte
1045 3154 1206 3236 superiore
1241 3157 1416 3217 retrorsum
1443 3172 1494 3214 re·

331 3260 435 3343 jectis,
461 3260 583 3343 capillis
605 3261 639 3323 in
664 3260 810 3324 humeros
846 3259 1071 3335 defluentibus,
1106 3258 1239 3344 pedibus
1273 3260 1378 3324 nudis.
1414 3257 1493 3322 Cum

333 3365 498 3431 sinistram
522 3369 625 3452 erigat
648 3365 826 3450 sepulcrum
851 3365 1055 3431 vehementer
1079 3366 1199 3450 alloqui
1227 3366 1367 3447 videtur;
1390 3363 1493 3428 facem

332 3469 527 3556 flagrantem
549 3475 660 3537 dextra
683 3473 820 3538 demissa
828 3477 926 3537 tenet.
955 3510 994 3520 —
1018 3473 1203 3538 Sustinetur
1226 3495 1246 3536 a
1269 3493 1369 3556 parva
1390 3471 1494 3554 figura

331 3578 452 3642 vestitu
487 3575 629 3664 Phrygio
663 3578 785 3656 induta,
824 3577 910 3643 infra
944 3601 1040 3662 quam
1072 3581 1263 3664 inscriptum
1294 3586 1341 3643 est
1375 3599 1491 3642 nomen

333 3680 554 3749 ΥΠΕΡΕΤΗΣ.
601 3685 677 3770 Ejus
712 3686 842 3750 domina
869 3706 952 3770 quae
986 3686 1028 3750 sit
1051 3693 1197 3770 apertum
1222 3691 1271 3749 est
1294 3707 1366 3749 cum
1397 3706 1492 3749 nemo

332 3812 505 3873 agnoscere
540 3814 604 3858 non
638 3794 740 3876 possit
760 3791 906 3880 βακχεῖον
929 3791 1009 3876 κάρα
1035 3795 1088 3878 τῆς
1105 3786 1277 3874 semeipsos
1303 3788 1491 3875 Κασάνδρας.

330 3895 372 3961 Et
395 3919 512 3964 nomen
535 3897 635 3963 adhuc
652 3899 803 3964 distincte
826 3899 913 3963 infra
934 3897 998 3983 legi
1013 3898 1092 3962 mihi
1108 3897 1307 3962 confirmavit
1323 3896 1490 3992 Robertus

402 4094 422 4158 ¹)
441 4090 647 4147 concedendum
664 4104 729 4145 saue
747 4095 789 4146 est
820 4091 958 4146 columnas
981 4106 1042 4144 cum
1064 4089 1137 4143 urnis
1159 4089 1292 4159 impositis
1315 4105 1397 4159 saepe
1416 4106 1491 4143 orna—

329 4182 477 4234 mentorum
495 4180 580 4234 instar
596 4180 625 4234 in
642 4179 753 4249 picturis
771 4180 864 4249 Pomp.
882 4178 1010 4246 adhiberi,
1029 4179 1078 4233 sed
1096 4194 1232 4248 nunquam
1249 4178 1345 4233 taeniis
1364 4181 1492 4233 ornantur

329 4284 415 4339 neque
433 4267 505 4323 dona
522 4268 561 4323 cis
580 4271 772 4339 proponuntur.
