3334 5042
799 236 840 302 11

717 329 929 336 ——m

233 434 422 517 praecipue,
441 433 523 497 locis
537 431 592 517 (cf.
610 433 720 518 llurip.
736 432 845 498 Orest.
862 434 939 497 194:
968 441 1062 501 τέκνα
1085 438 1175 501 σέθεν
1203 432 1255 526 ἀφ’
1281 439 1410 526 αἵματος

234 539 303 603 scil.
337 537 606 626 Clytaemestrae)
645 542 780 625 copiosa
804 539 999 624 significatio
1024 540 1183 626 simplicis
1207 541 1408 628 pronominis

234 651 267 728 ἐξ
290 653 384 732 αὐτῆς
408 669 482 711 0000
508 658 654 735 possunt.
704 646 801 728 Quod
826 649 854 710 si
878 649 922 711 ita
946 656 1045 730 esset,
1070 647 1173 711 verba
1195 646 1249 712 illa
1273 669 1408 733 prorsus

233 755 343 825 inania
372 763 492 819 essent.
543 755 658 840 Neque
694 753 851 818 locutioni
884 753 930 817 illi
960 754 1076 819 eadem
1113 756 1276 820 sententia
1297 757 1409 819 inesse

233 869 341 946 potest
375 871 473 947 atque
509 863 541 925 in
580 860 680 925 schol.
718 861 768 926 ad.
807 861 904 925 Dion.
941 861 1069 945 Perieg.
1106 862 1172 927 870
1204 861 1316 943 allato,
1352 861 1416 926 ubi

233 968 398 1052 Pegasum
428 978 460 1031 et
489 959 710 1053 Chrysaorem
739 974 774 1036 ἐκ
796 981 852 1038 τοῦ
877 974 1008 1060 αἵματος
1031 973 1165 1051 ἐξελθεῖν
1197 970 1319 1033 dictum
1348 979 1408 1035 cst.

234 1075 318 1139 Turn
344 1077 429 1138 enim
455 1074 633 1139 scholiasta
655 1098 721 1139 non
746 1075 849 1139 verba
873 1083 888 1145 ὁ
913 1081 1005 1168 αὐχὴν
1029 1082 1219 1169 ἀποτμηθεὶς
1242 1082 1406 1167 ἐγέννησεν,

236 1182 269 1245 id
294 1181 483 1268 quodvult,
510 1182 699 1268 explicaret,
724 1184 783 1247 sed
808 1181 975 1271 singulare
1004 1193 1094 1248 ortus
1123 1192 1324 1248 momentum
1353 1182 1409 1247 ad·

234 1289 334 1353 deret.
361 1290 557 1354 Praeterea
582 1292 632 1353 vis
650 1313 733 1376 quae
758 1293 832 1355 voci
856 1296 1016 1383 γίγνεσθαι
1040 1293 1133 1369 inest,
1156 1289 1203 1354 illi
1227 1292 1408 1354 sententiae

234 1406 441 1482 repugnaret.
490 1398 593 1462 Immo
618 1397 681 1461 hoc
706 1398 802 1462 modo
826 1397 949 1465 dictum
974 1420 1049 1462 esse
1065 1407 1174 1483 potest
1189 1397 1410 1484 Chrysaorem

236 1513 269 1569 et
290 1504 455 1588 Pegasum
485 1528 504 1568 e
533 1505 712 1569 Medusaeo
743 1528 859 1570 eruore
889 1529 968 1569 non·
984 1527 1082 1571 secus
1110 1528 1149 1571 ac
1179 1504 1338 1591 Gigantes
1369 1528 1411 1569 ex

234 1611 337 1676 Urani
361 1614 521 1695 sanguine
545 1623 631 1676 ortos
657 1634 742 1676 esse.
789 1612 863 1677 Hoc
887 1622 996 1675 tamen
1011 1595 1159 1677 Hesiodi¹
1174 1612 1285 1677 verbis
1310 1615 1409 1697 signi-

234 1718 327 1782 ficari
352 1719 546 1783 manifestus
572 1717 770 1784 scholiastae
795 1741 885 1783 error
914 1728 974 1782 est.
1021 1720 1166 1784 Primum
1196 1721 1282 1785 enim
1313 1721 1408 1784 Hesi·

236 1825 318 1889 odus
358 1824 510 1890 versibus
554 1825 826 1890 antecedentibus
856 1825 993 1912 (Theog.
1024 1826 1160 1912 278s79)
1190 1827 1361 1890 Medusam
1390 1849 1410 1890 a

234 1932 384 2017 Neptuno
420 1953 643 2017 compressam
679 1955 754 1995 esse
778 1932 912 2018 profert,
939 1932 1097 2017 Gigantes
1123 1925 1232 1997 autem
1266 1956 1331 1997 uno
1367 1932 1408 1997 ab

235 2039 337 2103 Urani
363 2041 521 2124 sanguine
553 2041 613 2102 orti
642 2048 727 2103 sunt.
774 2040 859 2104 Tum
896 2039 1093 2104 scholiastae
1129 2043 1293 2105 sententia
1328 2062 1409 2105 voce

206 2151 372 2238 ’ἐκθορεῖν
396 2146 566 2210 refutatur.
613 2147 729 2232 Neque
754 2148 840 2210 enim
864 2147 1012 2232 Pegasus
1038 2158 1074 2210 et
1094 2146 1261 2235 Chrysaor
1278 2151 1408 2212 omnino
1485 2149 1487 2153 ’

236 2263 311 2338 post
335 2253 469 2317 caedem
494 2274 513 2314 a
540 2253 663 2316 Perseo
692 2253 811 2317 factam
842 2253 973 2318 demum
1003 2254 1201 2335 oriebantur,
1231 2256 1291 2320 sed
1315 2265 1411 2321 antea

235 2363 296 2424 orti
319 2362 458 2446 'corpore
476 2363 586 2424 matris
611 2361 653 2424 ad
677 2359 758 2425 illud
774 2363 930 2447 temporis
947 2362 1068 2426 inclusi
1091 2373 1191 2427 erant.
1238 2363 1406 2451 Propriam

235 2478 347 2532 autem
371 2467 515 2532 fabulam
538 2467 735 2532 scholiastae
759 2468 869 2532 verbis
895 2471 1054 2533 contineri
1077 2492 1199 2554 negare
1223 2470 1307 2536 licet.
1339 2471 1408 2535 Iam

236 2577 323 2639 enim
352 2597 451 2660 supra
481 2575 623 2639 vidimus
653 2561 863 2640 scholiastam
892 2576 1048 2641 Nicandri
1072 2577 1175 2641 verba
1205 2581 1251 2642 ita
1282 2578 1409 2643 intelle·

233 2684 335 2763 nisse,
359 2693 395 2747 ut
418 2692 546 2768 putaret
571 2705 644 2747 eum
668 2683 788 2768 Pegasi
812 2685 971 2768 originem
996 2707 1014 2747 0
1038 2683 1121 2748 00110
1139 2671 1270 2751 absciso
1287 2687 1408 2751 factam

234 2790 430 2874 significare.
479 2790 579 2876 Atqui
604 2790 645 2853 de
670 2791 830 2874 sanguiue
853 2793 909 2877 qui
929 2814 949 2854 a
970 2791 1103 2855 desecto
1120 2792 1280 2858 Medusae
1298 2788 1408 2880 capite

235 2878 431 2970 destillabatss
457 2899 657 2984 serpentium
681 2920 787 2982 genus
812 2909 916 2961 ortum
948 2922 1024 2963 esse
1054 2910 1192 2964 constat.
1240 2900 1305 2980 Qui
1334 2924 1408 2985 nas-

235 3005 330 3069 cendi
354 3005 472 3069 modus
496 3007 529 3068 in
554 3005 716 3089 Pegasum
743 3015 774 3068 et
798 3005 1029 3092 Chrysaorem‚
1059 3030 1142 3094 quos
1172 3007 1350 3073 scholiasta
1378 3019 1410 3073 et

234 3114 325 3198 ipsos
350 3135 368 3176 0
394 3111 571 3198 Gorgoneo
601 3110 684 3176 collo
716 3113 880 3198 prodiisse
911 3116 1083 3195 existimat,
1120 3115 1297 3180 translatus
1333 3139 1409 3181 esse

235 3219 371 3284 videtur.

324 3327 435 3413 Atque
459 3326 587 3397 abhoc
612 3338 702 3390 ortus
725 3327 823 3391 modo
841 3327 979 3391 Hesiodi
1002 3329 1106 3393 verba
1129 3328 1305 3395 abhorrere
1323 3354 1405 3397 eorn-

234 3434 455 3521 probavimus.
515 3434 568 3499 Ad
604 3435 848 3500 diiudicandam
884 3446 992 3503 autem
1030 3439 1266 3522 quaestionem,
1302 3449 1408 3504 utrum

233 3542 399 3607 Hesiodus
425 3551 530 3605 ortum
555 3564 572 3604 0
597 3540 680 3606 00110
705 3565 747 3606 an
771 3565 789 3607 0
814 3545 920 3628 capite
945 3544 1069 3608 factum
1085 3545 1290 3623 intellexerit,
1307 3545 1409 3610 verba

235 3652 306 3714 eius
330 3672 444 3736 parum
470 3649 614 3713 dilucida
638 3671 713 3713 esse
738 3649 890 3716 diximus.
940 3651 1145 3737 Quamquam
1173 3654 1295 3716 mentio
1320 3675 1407 3716 com-

234 3780 371 3843 pressae
396 3779 414 3819 a
442 3757 592 3842 Neptuno
617 3757 776 3822 Medusae
813 3759 920 3843 magis
956 3760 1074 3843 origini
1109 3768 1266 3824 etrunco
1302 3760 1408 3824 factae

234 3864 365 3929 arridet.
420 3865 529 3951 Atque
557 3864 645 3928 hunc
674 3873 764 3928 ortus
793 3866 927 3930 modum
956 3866 1064 3930 omnia
1093 3866 1170 3929 artis
1198 3878 1409 3932 monumenta

234 3980 405 4036 testantur.
453 3971 551 4051 Quod
585 3973 718 4035 maximi
754 3975 908 4036 momenti
946 3983 1005 4038 est.
1056 3974 1171 4059 Neque
1208 3975 1294 4038 enim
1329 3977 1407 4039 artis

234 4101 334 4164 opera
369 4079 411 4142 ad
446 4079 627 4143 Hesiodum
668 4079 777 4143 redire
817 4081 901 4144 infra
942 4077 1239 4166 comprobabimus.
1297 4081 1408 4168 Atque

235 4188 332 4250 etiam
357 4184 497 4271 plurima
525 4186 705 4250 litterarum
736 4188 924 4252 testimonia
953 4204 1058 4251 ortum
1091 4211 1109 4251 e
1138 4197 1255 4252 trunco
1285 4186 1409 4253 facturn

235 4292 404 4379 praebent.
452 4292 548 4358 Unde
573 4293 660 4357 huno
685 4295 782 4357 etiam
806 4296 847 4357 iis
883 4294 965 4357 locis
990 4294 1109 4380 quibus
1134 4293 1267 4360 diversa
1295 4294 1407 4361 fabula

234 4421 300 4464 non
323 4400 444 4464 diserte
469 4400 610 4477 affertur,
636 4403 815 4486 cogitatum
839 4423 914 4465 esse
939 4400 1093 4486 colligere
1116 4400 1202 4466 licet.

324 4509 352 4574 2,
378 4508 566 4593 Perspicuis
591 4518 700 4573 autem
725 4508 835 4572 verbis
859 4507 915 4572 ille
940 4509 1101 4574 nascendi
1124 4510 1242 4575 modus
1267 4509 1318 4574 his
1337 4514 1404 4596 qui·
1451 4536 1453 4540 ⁸
