3334 5042
863 271 884 336 6

287 470 392 554 phora
420 468 577 532 Boeotica
611 466 706 530 fictae
738 466 881 530 humana
910 469 1021 552 specie
1051 476 1110 529 est.
1158 466 1313 531 Attamen
1348 468 1462 552 ipsae

288 573 499 640 similitudine
535 583 716 636 ceterarum
753 570 938 638 fabularum
974 595 1032 659 pro
1069 582 1158 637 certo
1190 573 1354 638 affirmare
1386 572 1464 638 licet

288 684 392 768 primo
423 682 519 744 etiam
544 680 662 764 Pegasi
690 690 829 744 matrem
858 682 985 766 integro
1010 683 1087 765 equi
1110 703 1248 766 corpore
1270 683 1462 744 instructam

290 787 404 853 fuisse.
453 787 660 873 Quamquam
686 809 813 870 vereor,
838 810 881 851 ne
906 790 958 851 eui
986 786 1075 852 haud
1104 785 1275 877 probabile
1302 787 1462 868 videatur,

288 918 362 961 cum
390 896 505 959 Persei
541 897 647 980 capite
675 894 819 959 humano
848 897 944 982 potiri
972 896 1106 961 intersit.
1154 880 1226 958 Hoc
1254 904 1361 958 autem
1390 896 1462 980 ipso

289 1002 420 1067 absciso
437 1003 586 1086 Pegasus
604 1012 700 1066 natus
717 1024 793 1066 esse
817 1002 929 1067 fertur.
976 1001 1022 1066 At
1043 1000 1129 1066 infra
1152 1003 1352 1085 argumentis
1377 1024 1462 1067 com-

286 1110 499 1195 probabimus
524 1110 684 1173 Perseum
711 1111 817 1196 primo
847 1133 920 1174 cum
945 1111 1070 1193 origine
1095 1109 1216 1193 Pegasi
1244 1110 1374 1172 omnino
1398 1131 1464 1173 non

288 1218 498 1281 coniunctum
520 1214 635 1281 fuisse.

376 1324 485 1410 Atque
521 1325 618 1388 etiam
654 1324 743 1389 aliud
778 1324 899 1388 indicio
936 1334 986 1389 est
1020 1325 1140 1407 Pegasi
1168 1332 1305 1387 matrem
1336 1325 1463 1408 integro

220 1451 232 1477 ⁸
288 1454 392 1519 equae
422 1454 559 1517 corpore
587 1431 735 1495 indutam
764 1429 879 1495 fuisse.
929 1432 1011 1497 Sunt
1039 1433 1126 1495 enim
1160 1428 1316 1495 nonnulla
1350 1451 1460 1494 monu-

287 1548 396 1604 menta
420 1541 484 1602 iam
508 1562 527 1603 a
550 1538 786 1603 Milchhoefero
817 1537 964 1620 collecta,
994 1537 1169 1624 inquibus
1194 1538 1343 1620 Medusa,
1369 1539 1463 1602 cuius

289 1670 306 1711 e
341 1644 424 1711 collo
460 1654 612 1730 perseeto
637 1646 757 1731 Pegasi
782 1655 881 1732 caput
905 1648 1034 1727 eminet,
1060 1648 1205 1731 speciem
1229 1646 1335 1710 trunci
1357 1646 1464 1731 capite

288 1756 407 1842 equino
443 1753 583 1839 praediti
620 1752 757 1839 praebet
766 1753 796 1839 ¹).
845 1753 936 1818 Infra
971 1752 1013 1817 de
1047 1754 1087 1815 iis
1124 1754 1309 1824 accuratius
1339 1762 1462 1837 agetur.

287 1862 396 1947 Atque
425 1859 476 1924 his
493 1869 621 1946 ¹patera
656 1859 783 1924 Rhodia
813 1859 928 1945 figuris
952 1862 1054 1944 nigris
1080 1859 1224 1944 6666161)
1252 1869 1285 1924 et
1308 1859 1465 1946 amphora

287 1970 394 2032 musei
406 1965 613 2053 Neapolitani
636 1967 751 2051 figuris
775 1967 882 2031 rubris
907 1966 1028 2052 pietass)
1045 1966 1217 2031 addendae
1235 1976 1317 2032 sunt.
1355 1966 1464 2053 Atque

268 2074 515 2156 'Miichhoefen
533 2096 675 2160 quocum
701 2076 908 2138 consentiunt
924 2072 961 2139 O.
981 2074 1084 2138 Smith
1102 2073 1191 2138 etde
1208 2073 1375 2159 Ridder4),
1399 2073 1464 2137 illis

288 2182 421 2268 quidem
453 2183 674 2245 monumentis
710 2184 899 2245 memoriam
937 2181 1144 2245 manifestam
1177 2183 1337 2245 contineri
1373 2190 1465 2267 putat

287 2291 443 2375 pristinae
462 2287 627 2373 Gorgonis
645 2290 750 2373 capite
767 2290 886 2373 equino
902 2287 1083 2373 praeditae.
1115 2288 1188 2351 Etsi
1204 2288 1286 2351 haec
1304 2290 1464 2352 sententia

287 2397 420 2484 probari
442 2418 509 2459 666
531 2404 640 2479 potest
658 2432 696 2441 --
715 2418 790 2459 nam
807 2395 915 2460 obstat
938 2417 1026 2458 nunc
1051 2393 1270 2479 anaglyphum
1288 2394 1464 2481 amphorae

287 2504 461 2568 Boeoticae
501 2539 538 2549 —
575 2511 686 2566 tamen
709 2500 791 2566 haec
819 2511 1030 2566 monumenta
1054 2500 1226 2566 conferunt
1250 2502 1292 2566 ad
1315 2502 1347 2565 id
1377 2503 1463 2588 quod

287 2612 458 2697 posuimus
476 2610 706 2675 stabiliendum
720 2610 907 2694 Gorgonem
926 2610 1002 2675 inde
1017 2610 1057 2674 ab
1075 2612 1164 2674 initio
1181 2612 1309 2695 integro
1326 2632 1463 2696 corpore

289 2720 408 2806 equino
431 2718 614 2804 praeditam
637 2717 751 2783 fuisse.

377 2844 407 2908 3.
431 2844 501 2907 Nee
524 2863 604 2908 vero
628 2846 736 2907 minus
762 2842 964 2907 censendum
990 2853 1041 2908 est
1056 2846 1154 2908 etiam
1178 2852 1327 2930 patrem
1344 2844 1463 2928 Pegasi

288 2954 392 3038 primo
421 2953 576 3038 equinum
600 2952 712 3016 fictum
736 2950 850 3016 fuisse.
900 2950 962 3016 Oui
990 2952 1038 3014 rei
1062 2968 1142 3016 sane
1166 2975 1231 3017 non
1258 2951 1341 3016 illud
1365 2950 1464 3015 docu-

288 3062 401 3123 mento
437 3068 498 3140 est,
535 3057 623 3145 quod
658 3057 816 3124 Medusae
854 3059 975 3121 coniux
1010 3059 1050 3123 ab
1086 3058 1232 3123 Hesiodo
1273 3057 1465 3144 simpliciter

287 3173 490 3258 κυανοχαίτης
528 3167 713 3230 nominatus
749 3174 800 3229 est
827 3163 967 3251 (Theog.
1003 3166 1091 3249 278).
1150 3165 1247 3245 Quod
1281 3186 1464 3251 cognomen

286 3274 432 3359 Neptuni
450 3295 555 3358 aeque
579 3282 676 3358 atque
700 3277 796 3341 ἵππιον
813 3296 832 3336 6
847 3274 986 3358 pristina
1010 3274 1122 3357 specie
1147 3274 1267 3359 equina
1289 3274 1463 3358 repetitum

291 3401 366 3444 esse
391 3380 579 3461 conced05).
626 3379 658 3444 U
683 3376 791 3446 'etiam
818 3378 941 3444 Odhini
971 3402 1154 3464 cognomen
1183 3380 1464 3463 Hrossharsgrani

290 3511 309 3550 a
332 3488 469 3573 pristina
492 3488 604 3572 specie
630 3488 749 3572 equina
773 3487 907 3551 ductum
937 3509 1011 3551 6666
1040 3490 1215 3573 6616666),
1265 3487 1331 3552 Sed
1354 3496 1463 3552 tamen

289 3605 377 3659 certo
406 3603 511 3658 aetate
541 3595 620 3657 satis
650 3596 782 3680 antiqua
809 3594 863 3658 ille
893 3596 985 3658 vocis
1014 3603 1216 3687 κυανοχαίτου
1250 3617 1368 3658 666666
1398 3584 1463 3658 iam

289 3724 355 3766 666
379 3712 575 3788 perspectus
600 3710 660 3784 est,
677 3711 713 3765 nt
729 3699 864 3766 dubium
890 3704 941 3779 sit,
960 3712 1068 3766 utrum
1085 3701 1139 3766 1116
1157 3702 1367 3786 Theogoniae
1391 3700 1463 3766 loco

379 3934 399 3998 ¹)
419 3933 566 4002 Anfaenge
596 3953 625 4002 p.
658 3932 710 3997 623
741 3932 776 3987 61.
810 3933 841 3987 0.
875 3933 1026 4001 Rossbach,
1059 3933 1141 3986 Arch.
1174 3933 1234 4002 ztg.
1266 3932 1331 3986 XLI
1361 3933 1463 4003 (1883),

289 4041 316 4092 p.
338 4023 476 4091 173—783
496 4022 527 4076 Ε.
546 4023 636 4087 Knoli,
656 4023 672 4075 l.
693 4040 716 4077 c.
735 4042 760 4091 p.
783 4022 815 4074 11
836 4042 877 4091 sq.

380 4113 469 4179 2)Ε(1.
491 4112 519 4166 C.
540 4111 639 4181 smith,
658 4112 756 4167 Journ.
777 4112 812 4167 of.
832 4113 898 4166 hell.
919 4114 992 4165 stud.
1010 4113 1033 4162 V
1055 4112 1147 4173 (1884)
1166 4113 1225 4167 tab.
1244 4113 1288 4166 43.

380 4201 403 4271 3)
420 4202 606 4270 Heydemann
625 4219 666 4254 nr.
686 4201 769 4263 1767;
789 4201 888 4255 Museo
907 4199 1064 4255 Borbonico
1085 4200 1154 4253 XIII
1173 4201 1232 4256 tab.
1251 4200 1294 4254 119.

379 4293 401 4356 ⁴)
422 4291 493 4345 Ibid.
512 4309 539 4359 p.
558 4290 625 4353 239;
645 4322 679 4331 -
698 4290 769 4347 Β611.
791 4291 825 4344 de
845 4308 914 4345 corr.
934 4290 1036 4344 helien.
1051 4290 1117 4342 XXI
1136 4289 1228 4357 (1898)
1247 4309 1273 4360 p.
1294 4292 1356 4345 455.

380 4382 399 4446 1)
419 4380 638 4450 Purtwaengler,
658 4380 760 4433 Athen.
784 4381 858 4433 Mitt.
880 4378 936 4432 VII
949 4378 1041 4450 (1882)
1055 4397 1082 4448 p.
1097 4379 1149 4432 166
1163 4397 1209 4449 sq;
1228 4399 1253 4438 v.
1270 4380 1464 4441 Wilamowitz‚

290 4470 400 4526 Griech.
419 4469 502 4537 Trag.
521 4469 548 4522 II
565 4488 593 4538 p.
612 4469 663 4522 227
683 4488 710 4523 n.
730 4470 755 4524 1.

380 4560 400 4627 8)
424 4559 458 4613 M.
477 4559 591 4626 saeuus,
611 4560 681 4613 Rosa
700 4560 758 4613 und
778 4559 875 4612 Reitor
894 4558 986 4629 (1872)
1006 4559 1021 4611 I
1039 4577 1066 4628 p.
1087 4559 1156 4629 292;
1176 4559 1286 4629 347s48.
