3334 5042
851 236 892 300 21

764 328 978 335 ———-.--—-

283 430 523 518 sarcophagum
541 434 658 519 paucis
682 433 850 497 decenniis
875 444 949 498 ante
973 433 1111 499 heroum
1128 433 1311 522 Trysaeum
1335 435 1458 502 factum

283 563 357 605 esse
385 549 487 627 putat,
499 540 520 624 ¹)
556 543 672 605 seriori
701 543 798 605 aetati
822 541 942 624 tribuit,
979 551 1011 605 et
1034 542 1075 605 H.
1102 542 1275 608 Schmidtii
1302 545 1459 609 iudicium

212 682 217 691 .
281 650 415 735 propius
434 650 475 713 ad
493 671 605 714 verum
623 650 784 715 accedere
797 651 936 732 videtur,
956 652 1011 736 qui
1025 653 1158 715 exeunti
1170 651 1219 716 VI
1232 652 1364 718 saeculo
1384 674 1458 716 eum

281 756 535 821 asccribendum
560 780 635 822 esse
664 757 786 841 dicim).
830 756 1063 844 Anaglyphum
1089 769 1198 824 autem
1235 761 1296 824 arti
1324 759 1458 824 Ionicae

281 874 453 949 cognatum
472 887 546 929 esse
564 875 717 951 quattuor
741 865 811 930 alae
830 875 863 929 et
879 868 989 930 tunica
1004 866 1103 950 longa
1119 867 1316 932 documento
1334 877 1418 931 sunt.
1430 869 1456 948 3)

371 989 432 1055 Cui
456 993 548 1077 operi
575 991 733 1077 amphora
756 989 865 1055 rubris
890 991 1004 1077 figuris
1029 994 1116 1078 picta
1152 1015 1236 1079 quae
1264 994 1297 1056 in
1326 993 1457 1057 Etruria

280 1096 438 1162 fabricata
459 1121 534 1163 esse
551 1099 690 1181 videtur,
716 1096 974 1183 subiungatur.⁴)
1021 1099 1049 1162 E
1074 1099 1157 1164 collo
1174 1100 1333 1165 Medusae
1351 1100 1455 1165 alatae

280 1202 378 1290 longa
413 1208 525 1270 tunica
560 1205 729 1272 luxuriosa
765 1209 904 1271 vestitae
937 1207 1085 1291 Pegasus
1118 1206 1187 1272 ales
1224 1217 1256 1271 et
1287 1207 1456 1294 Chrysaor

280 1311 389 1376 nudus
415 1322 596 1398 emergunt3
626 1315 659 1377 in
689 1313 789 1378 altero
819 1316 908 1378 vasis
944 1313 1046 1378 latere
1071 1314 1238 1399 Gorgonis
1263 1338 1356 1379 soror
1378 1314 1455 1379 Per·

281 1441 374 1483 scum
398 1420 517 1485 falcem
542 1430 574 1485 et
598 1421 714 1484 cibisin
738 1431 921 1507 gestantem
945 1424 1162 1509 persequitur.
1209 1416 1300 1488 Haec
1326 1444 1456 1509 quoque

279 1530 407 1612 pictura
440 1529 582 1622 quodam
612 1529 709 1593 modo
738 1551 812 1593 cum
842 1538 910 1592 arte
935 1529 1048 1593 Ionica
1077 1529 1255 1594 cohaerere
1283 1519 1455 1614 adstant)

371 1652 478 1717 Etiam
502 1656 536 1718 in
562 1654 739 1719 scarabaeo
756 1653 898 1718 Etrusco
915 1677 933 1717 e
951 1654 1034 1718 collo
1051 1655 1209 1719 Medusae
1223 1654 1322 1739 longa
1346 1657 1455 1720 tunica

279 1763 417 1825 vestitae
441 1764 590 1847 Pegasus
616 1772 648 1826 et
672 1753 840 1848 Chrysaor
863 1764 1018 1829 oriuntur.
1028 1760 1053 1847 6)
1098 1762 1191 1843 Quae
1215 1784 1344 1848 gemma
1367 1763 1454 1827 unde

278 1871 474 1954 provenerit,
503 1870 751 1955 Furtwaengler
774 1893 840 1934 non
870 1870 955 1934 dicit.
1004 1870 1101 1935 Certo
1131 1871 1248 1935 eadem
1272 1880 1322 1934 est
1356 1881 1454 1957 atque

279 1976 477 2040 scarabaeus
501 2001 604 2063 prope
630 1976 807 2042 Cortonam
831 1979 995 2060 inventus,
1027 2000 1124 2062 quem
1154 1977 1318 2064 quondam
1341 1977 1455 2064 Depo-

276 2075 357 2165 letti,
381 2084 548 2148 Romanus
572 2083 626 2147 ille
644 2108 779 2170 operum
797 2094 866 2149 arte
882 2082 1043 2148 factorum
1066 2094 1240 2168 mercator,
1264 2084 1421 2171 possedit.
1431 2087 1455 2170 7)

368 2190 466 2271 Quod
500 2215 579 2256 vero
608 2193 644 2257 R.
672 2191 799 2256 Merkel
834 2193 916 2256 dixit
950 2194 984 2256 in
1015 2215 1095 2256 vase
1132 2192 1219 2278 quod
1250 2216 1269 2256 a
1296 2193 1454 2277 Franpois

277 2300 471 2381 nominatur,
492 2302 577 2363 vesti
593 2300 757 2365 Fortunae
774 2310 880 2363 ortum
895 2300 1016 2384 Pegasi
1034 2310 1066 2363 et
1082 2299 1277 2386 Chrysaoris
1294 2302 1454 2364 intextum
1543 2365 1545 2369 .

279 2406 399 2491 essess),
436 2430 611 2493 perperam
646 2431 683 2472 se
707 2407 814 2473 habet.
869 2407 950 2471 Nam
989 2430 1063 2471 cum
1092 2406 1250 2472 aliatum
1288 2406 1454 2493 simplices

279 2513 464 2599 complures
489 2517 565 2601 equi
590 2515 664 2579 alati
687 2515 755 2579 ficti
779 2513 898 2600 sumt)
1501 2600 1504 2604 .

355 2621 540 2706 Cingulum
564 2634 672 2686 autem
696 2632 747 2686 est
769 2621 941 2686 vasculum
964 2621 1125 2686 Nolanum
1150 2623 1255 2689 musei
1270 2623 1348 2686 Brit.
1374 2621 1456 2686 linc·

279 2731 417 2793 amentis
442 2730 685 2815 elegantissime
711 2730 850 2816 depictis
883 2730 1092 2816 ornatum.¹⁰)
1138 2732 1245 2817 Prope
1270 2730 1454 2795 columnam

278 2838 418 2923 sphinge
440 2848 626 2902 coronatam
647 2838 786 2902 Medusa
802 2837 888 2903 alata
904 2839 1056 2920 concidit,
1074 2862 1093 2902 a
1110 2838 1226 2902 dextra
1242 2848 1333 2923 parte
1351 2837 1455 2925 Chry·

280 2968 355 3010 saor
377 2947 485 3010 nudus
511 2946 599 3009 humi
624 2946 726 3023 sedet,
753 2969 854 3031 supra
870 2947 1017 3030 Pegasus
1034 2945 1103 3009 ales
1127 2948 1161 3009 in
1177 2969 1254 3010 aere
1272 2969 1456 3032 suspensus

280 3064 342 3136 est;
361 3077 380 3117 a
397 3053 529 3117 sinistra
544 3062 636 3139 parte
662 3054 745 3118 duae
763 3053 937 3138 Gorgones
953 3054 1113 3117 Perseum
1137 3054 1317 3137 fugientem
1340 3076 1454 3139 persc-

281 3171 438 3246 quuntur3
463 3170 537 3225 ante
562 3184 636 3225 eum
660 3162 844 3225 Mercurius
869 3162 977 3238 currit,
1002 3161 1151 3225 Minerva
1175 3160 1333 3224 subsistit.
1382 3161 1453 3226 Sin-

372 3376 392 3439 1)
412 3375 430 3428 l.
449 3392 472 3429 c.
491 3393 519 3443 p.
538 3375 581 3429 51.

371 3464 391 3534 ²)
411 3463 429 3518 1.
450 3481 472 3518 c.
491 3482 518 3533 p.
541 3464 599 3516 154.

370 3553 391 3618 Β)
411 3553 513 3606 Furtw.
528 3552 629 3605 Rosoh.
643 3552 678 3608 M.
693 3552 723 3606 L.
737 3551 758 3621 l,
774 3551 855 3616 17103
877 3552 967 3605 Knatz
980 3571 1007 3621 p.
1020 3552 1068 3624 483
1088 3553 1135 3617 51;
1155 3552 1189 3607 H.
1204 3552 1333 3607 Schmidt
1350 3572 1378 3623 p.
1393 3553 1452 3608 153.

369 3643 390 3708 4)
412 3642 443 3695 0.
462 3642 546 3711 Jahn,
577 3641 636 3695 Cat.
667 3643 693 3694 d.
721 3640 924 3694 Vasensamml.
953 3641 1062 3711 Xoenig
1089 3642 1219 3711 Ludwigs
1248 3662 1289 3696 nr.
1314 3642 1379 3704 9103
1408 3643 1452 3697 ed.

282 3730 415 3797 Gerhard
434 3732 542 3785 Auserl.
561 3732 625 3785 Vas.
646 3731 692 3796 89;
712 3731 738 3799 3,
757 3733 786 3795 4;
808 3731 843 3786 cf.
864 3730 895 3785 Ο.
915 3731 999 3797 Jahn,
1021 3731 1119 3785 Philol.
1138 3731 1243 3785 XXVII
1262 3751 1290 3801 p.
1309 3733 1333 3789 8.

371 3823 396 3887 5)
410 3821 511 3874 Purtw.
531 3822 561 3873 in
579 3820 680 3875 Rosch.
700 3821 737 3876 M.
757 3821 787 3874 L.
807 3820 829 3888 I,
853 3821 932 3883 1711;
952 3821 1041 3874 Knatz
1059 3839 1087 3889 p.
1106 3821 1149 3875 48.

371 3912 391 3975 θ)
410 3910 462 3963 Ed.
479 3912 593 3972 Furtum,
613 3910 750 3965 Gemmen
769 3911 783 3963 I
802 3911 861 3966 tab.
881 3911 940 3980 XX,
960 3912 1003 3967 37.

370 4002 391 4067 7)
411 4001 495 4055 Arch.
520 4001 580 4069 Ztg.
601 4001 651 4052 XX
680 4000 772 4067 (1862)
802 4020 830 4069 p.
849 4000 929 4064 287*;
960 4000 1041 4055 Arch.
1062 4001 1122 4069 Ztg.
1146 4001 1212 4053 XXI
1235 4000 1327 4070 (1863)
1355 4021 1382 4070 p.
1403 4001 1454 4054 26*

281 4110 308 4143 n.
329 4090 376 4155 64;
394 4090 497 4145 Bullet.
518 4090 587 4143 1862
606 4110 633 4159 p.
652 4090 677 4144 8.

371 4181 392 4243 8)
412 4180 494 4233 Arch.
515 4180 575 4247 Ztg,
596 4179 677 4232 XXII
696 4178 791 4246 (1864)
810 4198 837 4248 p.
858 4178 918 4232 205.

371 4271 391 4336 9)
411 4269 555 4339 Stephani,
581 4269 811 4338 Compte-Rendu
829 4288 857 4338 p.
878 4267 994 4338 1878)79
1022 4288 1050 4338 p.
1079 4270 1142 4333 110;
1176 4268 1377 4333 Weizsaecker‚
1398 4271 1452 4325 Rh.

281 4360 351 4414 Mus.
372 4358 476 4412 XXXII
495 4358 586 4426 (1877)
605 4378 630 4428 p¹
652 4359 695 4412 46.

358 4450 390 4517 10)
409 4449 460 4503 Ed.
480 4449 603 4504 Monum.
623 4449 687 4502 dell'
708 4450 775 4502 Inst.
798 4448 890 4518 (1855)
910 4449 969 4502 tab.
987 4448 1029 4510 ΙΙ;
1053 4469 1080 4517 p.
1101 4449 1147 4512 17;
1176 4449 1210 4504 cf.
1232 4449 1264 4504 Ο.
1284 4449 1367 4512 Jahn,
1388 4448 1453 4501 Phi·

281 4540 327 4594 lol.
347 4539 453 4592 XXVII
469 4558 497 4607 p.
516 4538 533 4590 9
552 4558 579 4591 n.
598 4538 641 4595 32.
