<?xml version="1.0" encoding="UTF-8"?>
<!DOCTYPE html PUBLIC "-//W3C//DTD XHTML 1.0 Transitional//EN"
    "http://www.w3.org/TR/xhtml1/DTD/xhtml1-transitional.dtd">
<html xmlns="http://www.w3.org/1999/xhtml" xml:lang="en" lang="en">
 <head>
  <title>
</title>
<meta http-equiv="Content-Type" content="text/html;charset=utf-8" />
  <meta name='ocr-system' content='tesseract 3.04.00' />
  <meta name='ocr-capabilities' content='ocr_page ocr_carea ocr_par ocr_line ocrx_word'/>
</head>
<body>
  <div class='ocr_page' id='page_1' title='image "./depalladiiraptu00chavgoog_0047.png"; bbox 0 0 3334 5042; ppageno 0'>
   <div class='ocr_carea' id='block_1_1' title="bbox 698 444 905 513">
    <p class='ocr_par' dir='ltr' id='par_1_1' title="bbox 698 444 905 513">
     <span class='ocr_line' id='line_1_1' title="bbox 698 444 905 513; baseline 0 -18"><span class='ocrx_word' id='word_1_1' title='bbox 698 444 905 513; x_wconf 62' lang='lat' dir='ltr'>„ffl-</span> 
     </span>
    </p>
   </div>
   <div class='ocr_carea' id='block_1_2' title="bbox 216 637 1402 2525">
    <p class='ocr_par' dir='ltr' id='par_1_2' title="bbox 218 637 1384 1028">
     <span class='ocr_line' id='line_1_2' title="bbox 218 637 1384 727; baseline 0 -20"><span class='ocrx_word' id='word_1_2' title='bbox 218 637 344 726; x_wconf 85' lang='lat' dir='ltr'>(Heort.</span> <span class='ocrx_word' id='word_1_3' title='bbox 358 639 448 727; x_wconf 20' lang='lat'>1431)</span> <span class='ocrx_word' id='word_1_4' title='bbox 469 661 488 713; x_wconf 90' lang='lat' dir='ltr'>e</span> <span class='ocrx_word' id='word_1_5' title='bbox 508 641 578 708; x_wconf 93' lang='lat' dir='ltr'>loco</span> <span class='ocrx_word' id='word_1_6' title='bbox 600 640 832 726; x_wconf 71' lang='lat' dir='ltr'>Xenophonteo</span> <span class='ocrx_word' id='word_1_7' title='bbox 857 638 955 726; x_wconf 85' lang='lat' dir='ltr'>(Hell.</span> <span class='ocrx_word' id='word_1_8' title='bbox 980 640 1005 721; x_wconf 89' lang='lat'>1,</span> <span class='ocrx_word' id='word_1_9' title='bbox 1029 641 1061 720; x_wconf 85' lang='lat'>4,</span> <span class='ocrx_word' id='word_1_10' title='bbox 1088 639 1142 726; x_wconf 82' lang='lat'>12)</span> <span class='ocrx_word' id='word_1_11' title='bbox 1176 663 1209 706; x_wconf 88' lang='lat' dir='ltr'>se</span> <span class='ocrx_word' id='word_1_12' title='bbox 1240 640 1384 708; x_wconf 78' lang='lat' dir='ltr'>elicuisse</span> 
     </span>
     <span class='ocr_line' id='line_1_3' title="bbox 218 747 1383 833; baseline 0.001 -21"><span class='ocrx_word' id='word_1_13' title='bbox 218 748 281 813; x_wconf 84' lang='lat' dir='ltr'><strong>sibi</strong></span> <span class='ocrx_word' id='word_1_14' title='bbox 313 749 472 832; x_wconf 77' lang='lat' dir='ltr'>persuasit</span> <span class='ocrx_word' id='word_1_15' title='bbox 516 748 597 812; x_wconf 91' lang='lat' dir='ltr'>mihi</span> <span class='ocrx_word' id='word_1_16' title='bbox 637 748 764 833; x_wconf 89' lang='lat' dir='ltr'>quidem</span> <span class='ocrx_word' id='word_1_17' title='bbox 797 768 862 812; x_wconf 94' lang='lat' dir='ltr'>non</span> <span class='ocrx_word' id='word_1_18' title='bbox 904 750 994 812; x_wconf 90' lang='lat' dir='ltr'>recta</span> <span class='ocrx_word' id='word_1_19' title='bbox 1032 747 1211 813; x_wconf 82' lang='lat' dir='ltr'>rideantur.</span> <span class='ocrx_word' id='word_1_20' title='bbox 1273 747 1383 833; x_wconf 84' lang='lat' dir='ltr'>Atque</span> 
     </span>
     <span class='ocr_line' id='line_1_4' title="bbox 218 852 1383 939; baseline -0.001 -19"><span class='ocrx_word' id='word_1_21' title='bbox 218 876 314 939; x_wconf 90' lang='lat' dir='ltr'>supra</span> <span class='ocrx_word' id='word_1_22' title='bbox 337 855 474 920; x_wconf 86' lang='lat' dir='ltr'>vidimus</span> <span class='ocrx_word' id='word_1_23' title='bbox 496 854 633 920; x_wconf 89' lang='lat' dir='ltr'>Palladii</span> <span class='ocrx_word' id='word_1_24' title='bbox 673 853 792 920; x_wconf 85' lang='lat' dir='ltr'>festum</span> <span class='ocrx_word' id='word_1_25' title='bbox 825 854 964 919; x_wconf 82' lang='lat' dir='ltr'>fortasse</span> <span class='ocrx_word' id='word_1_26' title='bbox 990 853 1069 938; x_wconf 89' lang='lat' dir='ltr'>ipsis</span> <span class='ocrx_word' id='word_1_27' title='bbox 1092 852 1266 938; x_wconf 86' lang='lat' dir='ltr'>Plynteriis</span> <span class='ocrx_word' id='word_1_28' title='bbox 1300 853 1383 920; x_wconf 92' lang='lat' dir='ltr'>cele·</span> 
     </span>
     <span class='ocr_line' id='line_1_5' title="bbox 219 962 448 1028; baseline 0.009 -2"><span class='ocrx_word' id='word_1_29' title='bbox 219 962 348 1027; x_wconf 87' lang='lat' dir='ltr'>bratum</span> <span class='ocrx_word' id='word_1_30' title='bbox 371 982 448 1028; x_wconf 86' lang='lat' dir='ltr'>osse.</span> 
     </span>
    </p>

    <p class='ocr_par' dir='ltr' id='par_1_3' title="bbox 216 1065 1402 2436">
     <span class='ocr_line' id='line_1_6' title="bbox 308 1065 1383 1154; baseline 0 -22"><span class='ocrx_word' id='word_1_31' title='bbox 308 1067 447 1134; x_wconf 82' lang='lat' dir='ltr'>Proinde</span> <span class='ocrx_word' id='word_1_32' title='bbox 484 1071 675 1154; x_wconf 81' lang='lat' dir='ltr'>argumenta</span> <span class='ocrx_word' id='word_1_33' title='bbox 712 1067 920 1150; x_wconf 77' lang='lat' dir='ltr'>inspiciamus</span> <span class='ocrx_word' id='word_1_34' title='bbox 963 1066 1081 1153; x_wconf 86' lang='lat' dir='ltr'>quibus</span> <span class='ocrx_word' id='word_1_35' title='bbox 1121 1065 1310 1134; x_wconf 83' lang='lat' dir='ltr'>Peteraenus</span> <span class='ocrx_word' id='word_1_36' title='bbox 1349 1071 1383 1133; x_wconf 84' lang='lat' dir='ltr'>et</span> 
     </span>
     <span class='ocr_line' id='line_1_7' title="bbox 218 1172 1385 1260; baseline 0 -20"><span class='ocrx_word' id='word_1_37' title='bbox 218 1174 357 1240; x_wconf 86' lang='lat' dir='ltr'>Jahnius</span> <span class='ocrx_word' id='word_1_38' title='bbox 373 1175 507 1241; x_wconf 90' lang='lat' dir='ltr'>adducti</span> <span class='ocrx_word' id='word_1_39' title='bbox 532 1174 616 1243; x_wconf 89' lang='lat' dir='ltr'>hanc</span> <span class='ocrx_word' id='word_1_40' title='bbox 638 1196 789 1259; x_wconf 90' lang='lat' dir='ltr'>pompam</span> <span class='ocrx_word' id='word_1_41' title='bbox 812 1174 856 1238; x_wconf 92' lang='lat' dir='ltr'>ad</span> <span class='ocrx_word' id='word_1_42' title='bbox 876 1172 1054 1241; x_wconf 86' lang='lat' dir='ltr'>Palladium</span> <span class='ocrx_word' id='word_1_43' title='bbox 1069 1173 1167 1259; x_wconf 83' lang='lat' dir='ltr'>Troja</span> <span class='ocrx_word' id='word_1_44' title='bbox 1181 1179 1385 1260; x_wconf 73' lang='lat' dir='ltr'>apportatum</span> 
     </span>
     <span class='ocr_line' id='line_1_8' title="bbox 222 1281 1384 1368; baseline 0.001 -22"><span class='ocrx_word' id='word_1_45' title='bbox 222 1282 413 1348; x_wconf 89' lang='lat' dir='ltr'>retulerunt.</span> <span class='ocrx_word' id='word_1_46' title='bbox 443 1318 485 1333; x_wconf 87' lang='lat'>-</span> <span class='ocrx_word' id='word_1_47' title='bbox 514 1282 619 1367; x_wconf 82' lang='lat' dir='ltr'>Atque</span> <span class='ocrx_word' id='word_1_48' title='bbox 652 1282 790 1368; x_wconf 90' lang='lat' dir='ltr'>primum</span> <span class='ocrx_word' id='word_1_49' title='bbox 826 1281 1015 1347; x_wconf 91' lang='lat' dir='ltr'>Petersenus</span> <span class='ocrx_word' id='word_1_50' title='bbox 1049 1281 1295 1367; x_wconf 82' lang='lat' dir='ltr'>nomophylaees</span> <span class='ocrx_word' id='word_1_51' title='bbox 1328 1283 1384 1368; x_wconf 89' lang='lat' dir='ltr'>qui</span> 
     </span>
     <span class='ocr_line' id='line_1_9' title="bbox 219 1384 1385 1473; baseline -0.004 -19"><span class='ocrx_word' id='word_1_52' title='bbox 219 1410 372 1473; x_wconf 86' lang='lat' dir='ltr'>pompam</span> <span class='ocrx_word' id='word_1_53' title='bbox 395 1390 588 1455; x_wconf 80' lang='lat' dir='ltr'>instruxisse</span> <span class='ocrx_word' id='word_1_54' title='bbox 611 1389 761 1455; x_wconf 89' lang='lat' dir='ltr'>dicuntur</span> <span class='ocrx_word' id='word_1_55' title='bbox 789 1411 863 1454; x_wconf 90' lang='lat' dir='ltr'>cum</span> <span class='ocrx_word' id='word_1_56' title='bbox 885 1387 1031 1455; x_wconf 86' lang='lat' dir='ltr'>Minerva</span> <span class='ocrx_word' id='word_1_57' title='bbox 1053 1388 1139 1473; x_wconf 89' lang='lat' dir='ltr'>apud</span> <span class='ocrx_word' id='word_1_58' title='bbox 1160 1388 1314 1454; x_wconf 91' lang='lat' dir='ltr'>iudicium</span> <span class='ocrx_word' id='word_1_59' title='bbox 1336 1384 1385 1450; x_wconf 78' lang='lat' dir='ltr'>ae</span> 
     </span>
     <span class='ocr_line' id='line_1_10' title="bbox 221 1493 1386 1588; baseline 0.002 -30"><span class='ocrx_word' id='word_1_60' title='bbox 221 1493 387 1580; x_wconf 76' lang='grc' dir='ltr'><em>Παλλαδίῳ</em></span> <span class='ocrx_word' id='word_1_61' title='bbox 420 1495 507 1562; x_wconf 86' lang='lat' dir='ltr'>culta</span> <span class='ocrx_word' id='word_1_62' title='bbox 530 1496 646 1588; x_wconf 86' lang='lat' dir='ltr'>potius</span> <span class='ocrx_word' id='word_1_63' title='bbox 680 1516 776 1579; x_wconf 90' lang='lat' dir='ltr'>quam</span> <span class='ocrx_word' id='word_1_64' title='bbox 810 1519 883 1561; x_wconf 88' lang='lat' dir='ltr'>cum</span> <span class='ocrx_word' id='word_1_65' title='bbox 917 1495 1047 1562; x_wconf 90' lang='lat' dir='ltr'>Poliade</span> <span class='ocrx_word' id='word_1_66' title='bbox 1091 1516 1250 1562; x_wconf 81' lang='lat' dir='ltr'>connexos</span> <span class='ocrx_word' id='word_1_67' title='bbox 1285 1494 1386 1561; x_wconf 86' lang='lat' dir='ltr'>fuisse</span> 
     </span>
     <span class='ocr_line' id='line_1_11' title="bbox 220 1600 1385 1688; baseline -0.002 -20"><span class='ocrx_word' id='word_1_68' title='bbox 220 1604 357 1688; x_wconf 84' lang='lat' dir='ltr'>putavit.</span> <span class='ocrx_word' id='word_1_69' title='bbox 420 1601 487 1669; x_wconf 88' lang='lat' dir='ltr'>Nec</span> <span class='ocrx_word' id='word_1_70' title='bbox 526 1623 624 1687; x_wconf 86' lang='lat' dir='ltr'>prave</span> <span class='ocrx_word' id='word_1_71' title='bbox 661 1602 829 1687; x_wconf 81' lang='lat' dir='ltr'>judicavit3</span> <span class='ocrx_word' id='word_1_72' title='bbox 879 1623 956 1667; x_wconf 89' lang='lat' dir='ltr'>nam</span> <span class='ocrx_word' id='word_1_73' title='bbox 992 1607 1065 1687; x_wconf 89' lang='lat' dir='ltr'>post</span> <span class='ocrx_word' id='word_1_74' title='bbox 1102 1624 1174 1667; x_wconf 88' lang='lat' dir='ltr'>eum</span> <span class='ocrx_word' id='word_1_75' title='bbox 1212 1600 1385 1668; x_wconf 85' lang='lat' dir='ltr'>Starkerus</span> 
     </span>
     <span class='ocr_line' id='line_1_12' title="bbox 220 1707 1384 1796; baseline -0.001 -22"><span class='ocrx_word' id='word_1_76' title='bbox 220 1712 255 1791; x_wconf 88' lang='lat' dir='ltr'>(l.</span> <span class='ocrx_word' id='word_1_77' title='bbox 280 1731 306 1774; x_wconf 90' lang='lat' dir='ltr'>c.</span> <span class='ocrx_word' id='word_1_78' title='bbox 335 1708 388 1796; x_wconf 88' lang='lat'>16)</span> <span class='ocrx_word' id='word_1_79' title='bbox 422 1710 492 1775; x_wconf 88' lang='lat' dir='ltr'>loeo</span> <span class='ocrx_word' id='word_1_80' title='bbox 520 1732 560 1776; x_wconf 88' lang='lat' dir='ltr'>ex</span> <span class='ocrx_word' id='word_1_81' title='bbox 586 1708 651 1775; x_wconf 90' lang='lat' dir='ltr'>lex.</span> <span class='ocrx_word' id='word_1_82' title='bbox 686 1707 835 1775; x_wconf 83' lang='lat' dir='ltr'>Cantabr.</span> <span class='ocrx_word' id='word_1_83' title='bbox 871 1710 967 1776; x_wconf 89' lang='lat' dir='ltr'>allato</span> <span class='ocrx_word' id='word_1_84' title='bbox 1005 1708 1146 1775; x_wconf 82' lang='lat' dir='ltr'>ostendit</span> <span class='ocrx_word' id='word_1_85' title='bbox 1187 1708 1384 1793; x_wconf 85' lang='lat' dir='ltr'>›nomophy·</span> 
     </span>
     <span class='ocr_line' id='line_1_13' title="bbox 219 1813 1384 1901; baseline 0.001 -20"><span class='ocrx_word' id='word_1_86' title='bbox 219 1816 303 1882; x_wconf 88' lang='lat' dir='ltr'>laces</span> <span class='ocrx_word' id='word_1_87' title='bbox 337 1817 528 1884; x_wconf 85' lang='lat' dir='ltr'>sacerdotali</span> <span class='ocrx_word' id='word_1_88' title='bbox 552 1817 691 1900; x_wconf 90' lang='lat' dir='ltr'>quodam</span> <span class='ocrx_word' id='word_1_89' title='bbox 716 1837 848 1882; x_wconf 90' lang='lat' dir='ltr'>munere</span> <span class='ocrx_word' id='word_1_90' title='bbox 871 1816 904 1881; x_wconf 94' lang='lat' dir='ltr'>in</span> <span class='ocrx_word' id='word_1_91' title='bbox 934 1815 1020 1882; x_wconf 90' lang='lat' dir='ltr'>Areo</span> <span class='ocrx_word' id='word_1_92' title='bbox 1046 1836 1129 1901; x_wconf 82' lang='lat' dir='ltr'>pago</span> <span class='ocrx_word' id='word_1_93' title='bbox 1155 1813 1280 1881; x_wconf 85' lang='lat' dir='ltr'>functos</span> <span class='ocrx_word' id='word_1_94' title='bbox 1303 1836 1384 1895; x_wconf 84' lang='lat' dir='ltr'>esse,</span> 
     </span>
     <span class='ocr_line' id='line_1_14' title="bbox 221 1922 1384 2009; baseline -0.001 -21"><span class='ocrx_word' id='word_1_95' title='bbox 221 1924 305 2007; x_wconf 93' lang='lat' dir='ltr'>quod</span> <span class='ocrx_word' id='word_1_96' title='bbox 331 1923 374 1989; x_wconf 90' lang='lat' dir='ltr'>ad</span> <span class='ocrx_word' id='word_1_97' title='bbox 397 1923 519 1989; x_wconf 90' lang='lat' dir='ltr'>cultum</span> <span class='ocrx_word' id='word_1_98' title='bbox 542 1923 704 2009; x_wconf 87' lang='lat' dir='ltr'>Minervae</span> <span class='ocrx_word' id='word_1_99' title='bbox 731 1922 924 2009; x_wconf 82' lang='lat' dir='ltr'>pertineat‹.</span> <span class='ocrx_word' id='word_1_100' title='bbox 965 1923 1133 1988; x_wconf 79' lang='lat' dir='ltr'>Artissime</span> <span class='ocrx_word' id='word_1_101' title='bbox 1167 1926 1275 1991; x_wconf 88' lang='lat' dir='ltr'>autem</span> <span class='ocrx_word' id='word_1_102' title='bbox 1308 1942 1384 1989; x_wconf 87' lang='lat' dir='ltr'>cou-</span> 
     </span>
     <span class='ocr_line' id='line_1_15' title="bbox 216 2025 1386 2117; baseline -0.003 -23"><span class='ocrx_word' id='word_1_103' title='bbox 216 2033 330 2117; x_wconf 85' lang='lat' dir='ltr'>junete</span> <span class='ocrx_word' id='word_1_104' title='bbox 360 2034 455 2095; x_wconf 86' lang='lat' dir='ltr'>erant</span> <span class='ocrx_word' id='word_1_105' title='bbox 477 2031 564 2096; x_wconf 89' lang='lat' dir='ltr'>inter</span> <span class='ocrx_word' id='word_1_106' title='bbox 585 2051 619 2096; x_wconf 93' lang='lat' dir='ltr'>se</span> <span class='ocrx_word' id='word_1_107' title='bbox 650 2032 752 2096; x_wconf 84' lang='lat' dir='ltr'>Areus</span> <span class='ocrx_word' id='word_1_108' title='bbox 785 2050 888 2115; x_wconf 84' lang='lat' dir='ltr'>pagus</span> <span class='ocrx_word' id='word_1_109' title='bbox 911 2034 943 2095; x_wconf 90' lang='lat' dir='ltr'>et</span> <span class='ocrx_word' id='word_1_110' title='bbox 962 2030 1119 2114; x_wconf 88' lang='lat' dir='ltr'>judicium</span> <span class='ocrx_word' id='word_1_111' title='bbox 1152 2025 1200 2091; x_wconf 75' lang='grc' dir='ltr'>ἐπὶ</span> <span class='ocrx_word' id='word_1_112' title='bbox 1222 2025 1386 2113; x_wconf 62' lang='lat' dir='ltr'>amaea</span> 
     </span>
     <span class='ocr_line' id='line_1_16' title="bbox 221 2135 1402 2223; baseline -0.002 -21"><span class='ocrx_word' id='word_1_113' title='bbox 221 2143 318 2223; x_wconf 85' lang='lat' dir='ltr'>atque</span> <span class='ocrx_word' id='word_1_114' title='bbox 338 2138 536 2203; x_wconf 86' lang='lat' dir='ltr'>necessitudo</span> <span class='ocrx_word' id='word_1_115' title='bbox 552 2139 711 2221; x_wconf 90' lang='lat' dir='ltr'>quaedam</span> <span class='ocrx_word' id='word_1_116' title='bbox 725 2138 940 2204; x_wconf 80' lang='lat' dir='ltr'>intercessisse</span> <span class='ocrx_word' id='word_1_117' title='bbox 959 2135 1086 2202; x_wconf 84' lang='lat' dir='ltr'>videtur</span> <span class='ocrx_word' id='word_1_118' title='bbox 1107 2136 1193 2202; x_wconf 90' lang='lat' dir='ltr'>inter</span> <span class='ocrx_word' id='word_1_119' title='bbox 1205 2136 1402 2220; x_wconf 78' lang='lat' dir='ltr'>nomophy·‘</span> 
     </span>
     <span class='ocr_line' id='line_1_17' title="bbox 220 2242 1384 2330; baseline -0.001 -20"><span class='ocrx_word' id='word_1_120' title='bbox 220 2244 304 2310; x_wconf 87' lang='lat' dir='ltr'>laces</span> <span class='ocrx_word' id='word_1_121' title='bbox 328 2249 361 2311; x_wconf 93' lang='lat' dir='ltr'>et</span> <span class='ocrx_word' id='word_1_122' title='bbox 384 2244 505 2310; x_wconf 86' lang='lat' dir='ltr'>cultum</span> <span class='ocrx_word' id='word_1_123' title='bbox 527 2245 612 2310; x_wconf 90' lang='lat' dir='ltr'>illius</span> <span class='ocrx_word' id='word_1_124' title='bbox 637 2244 800 2310; x_wconf 88' lang='lat' dir='ltr'>Minervae</span> <span class='ocrx_word' id='word_1_125' title='bbox 823 2266 904 2328; x_wconf 87' lang='lat' dir='ltr'>quae</span> <span class='ocrx_word' id='word_1_126' title='bbox 927 2242 1059 2309; x_wconf 83' lang='lat' dir='ltr'>Athenis</span> <span class='ocrx_word' id='word_1_127' title='bbox 1090 2243 1200 2330; x_wconf 81' lang='lat' dir='ltr'>legum</span> <span class='ocrx_word' id='word_1_128' title='bbox 1221 2242 1384 2309; x_wconf 80' lang='lat' dir='ltr'>custodiae</span> 
     </span>
     <span class='ocr_line' id='line_1_18' title="bbox 221 2355 380 2436; baseline -0.013 -19"><span class='ocrx_word' id='word_1_129' title='bbox 221 2355 380 2436; x_wconf 84' lang='lat' dir='ltr'>praeerat.</span> 
     </span>
    </p>

    <p class='ocr_par' dir='ltr' id='par_1_4' title="bbox 312 2456 1386 2525">
     <span class='ocr_line' id='line_1_19' title="bbox 312 2456 1386 2525; baseline -0.001 -2"><span class='ocrx_word' id='word_1_130' title='bbox 312 2457 449 2524; x_wconf 87' lang='lat' dir='ltr'>Jahnius</span> <span class='ocrx_word' id='word_1_131' title='bbox 487 2459 601 2525; x_wconf 91' lang='lat' dir='ltr'>deinde</span> <span class='ocrx_word' id='word_1_132' title='bbox 635 2456 812 2525; x_wconf 81' lang='lat' dir='ltr'>›Palladis‹</span> <span class='ocrx_word' id='word_1_133' title='bbox 846 2478 962 2523; x_wconf 90' lang='lat' dir='ltr'>nomen</span> <span class='ocrx_word' id='word_1_134' title='bbox 1001 2457 1042 2523; x_wconf 89' lang='lat' dir='ltr'>ad</span> <span class='ocrx_word' id='word_1_135' title='bbox 1076 2456 1238 2523; x_wconf 90' lang='lat' dir='ltr'>Poliadem</span> <span class='ocrx_word' id='word_1_136' title='bbox 1275 2456 1386 2523; x_wconf 84' lang='lat' dir='ltr'>referri</span> 
     </span>
    </p>
   </div>
   <div class='ocr_carea' id='block_1_3' title="bbox 222 2549 1387 3077">
    <p class='ocr_par' dir='ltr' id='par_1_5' title="bbox 222 2549 1387 2951">
     <span class='ocr_line' id='line_1_20' title="bbox 222 2549 1387 2651; baseline -0.003 -20"><span class='ocrx_word' id='word_1_137' title='bbox 222 2587 313 2651; x_wconf 89' lang='lat' dir='ltr'>posse</span> <span class='ocrx_word' id='word_1_138' title='bbox 337 2567 483 2650; x_wconf 83' lang='lat' dir='ltr'>negavit3</span> <span class='ocrx_word' id='word_1_139' title='bbox 518 2570 617 2649; x_wconf 90' lang='lat' dir='ltr'>atque</span> <span class='ocrx_word' id='word_1_140' title='bbox 644 2586 702 2631; x_wconf 90' lang='lat' dir='ltr'>suo</span> <span class='ocrx_word' id='word_1_141' title='bbox 722 2567 795 2650; x_wconf 84' lang='lat' dir='ltr'>jure</span> <span class='ocrx_word' id='word_1_142' title='bbox 818 2565 958 2630; x_wconf 85' lang='lat' dir='ltr'>ostendit</span> <span class='ocrx_word' id='word_1_143' title='bbox 981 2584 1078 2647; x_wconf 87' lang='lat' dir='ltr'>quam</span> <span class='ocrx_word' id='word_1_144' title='bbox 1101 2565 1181 2629; x_wconf 90' lang='lat' dir='ltr'>bene</span> <span class='ocrx_word' id='word_1_145' title='bbox 1202 2549 1387 2630; x_wconf 82' lang='lat' dir='ltr'>convenerit</span> 
     </span>
     <span class='ocr_line' id='line_1_21' title="bbox 222 2670 1385 2758; baseline -0.001 -22"><span class='ocrx_word' id='word_1_146' title='bbox 222 2671 402 2737; x_wconf 85' lang='lat' dir='ltr'>Palladium</span> <span class='ocrx_word' id='word_1_147' title='bbox 437 2673 609 2758; x_wconf 83' lang='lat' dir='ltr'>quotannis</span> <span class='ocrx_word' id='word_1_148' title='bbox 643 2672 678 2736; x_wconf 93' lang='lat' dir='ltr'>in</span> <span class='ocrx_word' id='word_1_149' title='bbox 712 2671 823 2738; x_wconf 88' lang='lat' dir='ltr'>eodem</span> <span class='ocrx_word' id='word_1_150' title='bbox 851 2672 949 2737; x_wconf 85' lang='lat' dir='ltr'>maris</span> <span class='ocrx_word' id='word_1_151' title='bbox 972 2672 1065 2737; x_wconf 88' lang='lat' dir='ltr'>litore</span> <span class='ocrx_word' id='word_1_152' title='bbox 1088 2670 1231 2755; x_wconf 84' lang='lat' dir='ltr'>purgari,</span> <span class='ocrx_word' id='word_1_153' title='bbox 1264 2671 1299 2735; x_wconf 91' lang='lat' dir='ltr'>in</span> <span class='ocrx_word' id='word_1_154' title='bbox 1321 2690 1385 2753; x_wconf 92' lang='lat' dir='ltr'>quo</span> 
     </span>
     <span class='ocr_line' id='line_1_22' title="bbox 222 2776 1386 2866; baseline -0.002 -21"><span class='ocrx_word' id='word_1_155' title='bbox 222 2801 243 2845; x_wconf 92' lang='lat' dir='ltr'>a</span> <span class='ocrx_word' id='word_1_156' title='bbox 271 2778 494 2865; x_wconf 86' lang='lat' dir='ltr'>Demophonte</span> <span class='ocrx_word' id='word_1_157' title='bbox 531 2780 673 2844; x_wconf 88' lang='lat' dir='ltr'>cruentis</span> <span class='ocrx_word' id='word_1_158' title='bbox 710 2779 857 2845; x_wconf 88' lang='lat' dir='ltr'>manibus</span> <span class='ocrx_word' id='word_1_159' title='bbox 891 2800 1000 2866; x_wconf 78' lang='lat' dir='ltr'>pugna</span> <span class='ocrx_word' id='word_1_160' title='bbox 1033 2782 1163 2862; x_wconf 90' lang='lat' dir='ltr'>captum</span> <span class='ocrx_word' id='word_1_161' title='bbox 1197 2798 1264 2843; x_wconf 87' lang='lat' dir='ltr'>esse</span> <span class='ocrx_word' id='word_1_162' title='bbox 1302 2776 1386 2843; x_wconf 85' lang='lat' dir='ltr'>fere·</span> 
     </span>
     <span class='ocr_line' id='line_1_23' title="bbox 222 2887 330 2951; baseline -0.031 0"><span class='ocrx_word' id='word_1_163' title='bbox 222 2887 330 2951; x_wconf 90' lang='lat' dir='ltr'>batur.</span> 
     </span>
    </p>

    <p class='ocr_par' dir='ltr' id='par_1_6' title="bbox 310 2948 1387 3077">
     <span class='ocr_line' id='line_1_24' title="bbox 310 2948 1387 3077; baseline 0.001 -21"><span class='ocrx_word' id='word_1_164' title='bbox 310 2990 418 3057; x_wconf 87' lang='lat' dir='ltr'>Etiam</span> <span class='ocrx_word' id='word_1_165' title='bbox 429 2991 489 3058; x_wconf 88' lang='lat' dir='ltr'>hoc</span> <span class='ocrx_word' id='word_1_166' title='bbox 504 2992 703 3077; x_wconf 90' lang='lat' dir='ltr'>add1potest</span> <span class='ocrx_word' id='word_1_167' title='bbox 718 2991 994 3058; x_wconf 87' lang='lat' dir='ltr'>sicutPalladinm</span> <span class='ocrx_word' id='word_1_168' title='bbox 1003 2990 1130 3057; x_wconf 84' lang='lat' dir='ltr'>Phaleri</span> <span class='ocrx_word' id='word_1_169' title='bbox 1144 2994 1241 3056; x_wconf 89' lang='lat' dir='ltr'>noctu</span> <span class='ocrx_word' id='word_1_170' title='bbox 1256 2948 1387 3075; x_wconf 84' lang='lat' dir='ltr'>raptum</span> 
     </span>
    </p>
   </div>
   <div class='ocr_carea' id='block_1_4' title="bbox 223 3097 1438 4359">
    <p class='ocr_par' dir='ltr' id='par_1_7' title="bbox 223 3097 1438 3591">
     <span class='ocr_line' id='line_1_25' title="bbox 224 3097 1388 3183; baseline 0 -19"><span class='ocrx_word' id='word_1_171' title='bbox 224 3103 310 3178; x_wconf 84' lang='lat' dir='ltr'>erat,</span> <span class='ocrx_word' id='word_1_172' title='bbox 333 3099 378 3164; x_wconf 88' lang='lat' dir='ltr'>sic</span> <span class='ocrx_word' id='word_1_173' title='bbox 399 3102 525 3183; x_wconf 91' lang='lat' dir='ltr'>partem</span> <span class='ocrx_word' id='word_1_174' title='bbox 548 3103 633 3165; x_wconf 83' lang='lat' dir='ltr'>certe</span> <span class='ocrx_word' id='word_1_175' title='bbox 657 3098 924 3165; x_wconf 80' lang='lat' dir='ltr'>caerimoniarum</span> <span class='ocrx_word' id='word_1_176' title='bbox 947 3099 986 3163; x_wconf 94' lang='lat' dir='ltr'>de</span> <span class='ocrx_word' id='word_1_177' title='bbox 1014 3098 1130 3182; x_wconf 89' lang='lat' dir='ltr'>quibus</span> <span class='ocrx_word' id='word_1_178' title='bbox 1157 3097 1268 3182; x_wconf 81' lang='lat' dir='ltr'>agitur</span> <span class='ocrx_word' id='word_1_179' title='bbox 1289 3103 1388 3164; x_wconf 85' lang='lat' dir='ltr'>noctu</span> 
     </span>
     <span class='ocr_line' id='line_1_26' title="bbox 224 3200 1388 3292; baseline -0.001 -22"><span class='ocrx_word' id='word_1_180' title='bbox 224 3204 398 3291; x_wconf 87' lang='lat' dir='ltr'>perfectam</span> <span class='ocrx_word' id='word_1_181' title='bbox 433 3225 499 3271; x_wconf 86' lang='lat' dir='ltr'>esse</span> <span class='ocrx_word' id='word_1_182' title='bbox 534 3201 635 3292; x_wconf 81' lang='grc' dir='ltr'><em>(πάλιν</em></span> <span class='ocrx_word' id='word_1_183' title='bbox 666 3203 878 3292; x_wconf 68' lang='grc' dir='ltr'><em>ωνειοήγαγον</em></span> <span class='ocrx_word' id='word_1_184' title='bbox 907 3203 988 3288; x_wconf 80' lang='grc' dir='ltr'><em>μετὰ</em></span> <span class='ocrx_word' id='word_1_185' title='bbox 1025 3200 1150 3289; x_wconf 77' lang='grc' dir='ltr'>φωτός).</span> <span class='ocrx_word' id='word_1_186' title='bbox 1201 3200 1388 3269; x_wconf 87' lang='lat' dir='ltr'>Videbimus</span> 
     </span>
     <span class='ocr_line' id='line_1_27' title="bbox 224 3310 1389 3400; baseline -0.001 -23"><span class='ocrx_word' id='word_1_187' title='bbox 224 3312 361 3400; x_wconf 88' lang='lat' dir='ltr'>denique</span> <span class='ocrx_word' id='word_1_188' title='bbox 385 3315 418 3377; x_wconf 87' lang='lat' dir='ltr'>et</span> <span class='ocrx_word' id='word_1_189' title='bbox 441 3312 536 3397; x_wconf 82' lang='lat' dir='ltr'>Argis</span> <span class='ocrx_word' id='word_1_190' title='bbox 559 3310 738 3377; x_wconf 81' lang='lat' dir='ltr'>Palladium</span> <span class='ocrx_word' id='word_1_191' title='bbox 771 3313 857 3398; x_wconf 90' lang='lat' dir='ltr'>quod</span> <span class='ocrx_word' id='word_1_192' title='bbox 880 3310 976 3395; x_wconf 63' lang='lat' dir='ltr'>Tioja</span> <span class='ocrx_word' id='word_1_193' title='bbox 1009 3314 1158 3376; x_wconf 86' lang='lat' dir='ltr'>avectum</span> <span class='ocrx_word' id='word_1_194' title='bbox 1189 3331 1255 3376; x_wconf 85' lang='lat' dir='ltr'>esse</span> <span class='ocrx_word' id='word_1_195' title='bbox 1278 3331 1389 3376; x_wconf 83' lang='lat' dir='ltr'>narra·</span> 
     </span>
     <span class='ocr_line' id='line_1_28' title="bbox 224 3417 1438 3504; baseline 0.002 -21"><span class='ocrx_word' id='word_1_196' title='bbox 224 3420 320 3485; x_wconf 88' lang='lat' dir='ltr'>batur</span> <span class='ocrx_word' id='word_1_197' title='bbox 347 3418 443 3484; x_wconf 89' lang='lat' dir='ltr'>simili</span> <span class='ocrx_word' id='word_1_198' title='bbox 457 3418 552 3484; x_wconf 93' lang='lat' dir='ltr'>modo</span> <span class='ocrx_word' id='word_1_199' title='bbox 568 3419 745 3501; x_wconf 87' lang='lat' dir='ltr'>quotannis</span> <span class='ocrx_word' id='word_1_200' title='bbox 759 3439 877 3504; x_wconf 91' lang='lat' dir='ltr'>pompa</span> <span class='ocrx_word' id='word_1_201' title='bbox 892 3418 932 3482; x_wconf 91' lang='lat' dir='ltr'>ad</span> <span class='ocrx_word' id='word_1_202' title='bbox 946 3417 1104 3484; x_wconf 80' lang='lat' dir='ltr'>Inachum</span> <span class='ocrx_word' id='word_1_203' title='bbox 1121 3417 1263 3484; x_wconf 83' lang='lat' dir='ltr'>delatum</span> <span class='ocrx_word' id='word_1_204' title='bbox 1278 3418 1388 3503; x_wconf 89' lang='lat' dir='ltr'>ibique</span> <span class='ocrx_word' id='word_1_205' title='bbox 1435 3479 1438 3485; x_wconf 92' lang='lat'><em>.</em></span> 
     </span>
     <span class='ocr_line' id='line_1_29' title="bbox 223 3524 494 3591; baseline 0 -2"><span class='ocrx_word' id='word_1_206' title='bbox 223 3524 397 3591; x_wconf 88' lang='lat' dir='ltr'>lustratum</span> <span class='ocrx_word' id='word_1_207' title='bbox 420 3545 494 3590; x_wconf 86' lang='lat' dir='ltr'>esse.</span> 
     </span>
    </p>

    <p class='ocr_par' dir='ltr' id='par_1_8' title="bbox 225 3630 1389 4143">
     <span class='ocr_line' id='line_1_30' title="bbox 313 3630 1388 3716; baseline 0.001 -20"><span class='ocrx_word' id='word_1_208' title='bbox 313 3631 514 3716; x_wconf 85' lang='lat' dir='ltr'>Quamquam</span> <span class='ocrx_word' id='word_1_209' title='bbox 528 3630 626 3714; x_wconf 82' lang='lat' dir='ltr'>igitur</span> <span class='ocrx_word' id='word_1_210' title='bbox 638 3632 773 3698; x_wconf 90' lang='lat' dir='ltr'>concedo</span> <span class='ocrx_word' id='word_1_211' title='bbox 789 3631 879 3697; x_wconf 85' lang='lat' dir='ltr'>nullo</span> <span class='ocrx_word' id='word_1_212' title='bbox 895 3635 1087 3716; x_wconf 80' lang='lat' dir='ltr'>argumento</span> <span class='ocrx_word' id='word_1_213' title='bbox 1102 3631 1201 3697; x_wconf 85' lang='lat' dir='ltr'>allato</span> <span class='ocrx_word' id='word_1_214' title='bbox 1212 3631 1388 3715; x_wconf 88' lang='lat' dir='ltr'>quidquam</span> 
     </span>
     <span class='ocr_line' id='line_1_31' title="bbox 225 3736 1388 3822; baseline -0.002 -17"><span class='ocrx_word' id='word_1_215' title='bbox 225 3739 304 3805; x_wconf 85' lang='lat' dir='ltr'>certi</span> <span class='ocrx_word' id='word_1_216' title='bbox 337 3738 422 3804; x_wconf 86' lang='lat' dir='ltr'>effici</span> <span class='ocrx_word' id='word_1_217' title='bbox 456 3737 626 3822; x_wconf 87' lang='lat' dir='ltr'>Photiique</span> <span class='ocrx_word' id='word_1_218' title='bbox 660 3738 764 3804; x_wconf 86' lang='lat' dir='ltr'>verbis</span> <span class='ocrx_word' id='word_1_219' title='bbox 793 3737 848 3800; x_wconf 76' lang='grc' dir='ltr'>»τὸ</span> <span class='ocrx_word' id='word_1_220' title='bbox 871 3736 999 3811; x_wconf 67' lang='grc' dir='ltr'>ξόανον(</span> <span class='ocrx_word' id='word_1_221' title='bbox 1029 3738 1154 3805; x_wconf 81' lang='lat' dir='ltr'>facilius</span> <span class='ocrx_word' id='word_1_222' title='bbox 1185 3738 1388 3804; x_wconf 86' lang='lat' dir='ltr'>notissimum</span> 
     </span>
     <span class='ocr_line' id='line_1_32' title="bbox 225 3844 1387 3930; baseline 0.001 -21"><span class='ocrx_word' id='word_1_223' title='bbox 225 3845 303 3911; x_wconf 87' lang='lat' dir='ltr'>illud</span> <span class='ocrx_word' id='word_1_224' title='bbox 320 3844 523 3910; x_wconf 84' lang='lat' dir='ltr'>Minervae</span> <span class='ocrx_word' id='word_1_225' title='bbox 498 3866 625 3930; x_wconf 81' lang='lat' dir='ltr'>signum</span> <span class='ocrx_word' id='word_1_226' title='bbox 641 3844 1172 3930; x_wconf 72' lang='lat' dir='ltr'>significari,quod1ndrechtheo</span> <span class='ocrx_word' id='word_1_227' title='bbox 1188 3845 1387 3924; x_wconf 85' lang='lat' dir='ltr'>servabatur</span> 
     </span>
     <span class='ocr_line' id='line_1_33' title="bbox 226 3949 1389 4038; baseline 0.001 -22"><span class='ocrx_word' id='word_1_228' title='bbox 226 3987 270 3999; x_wconf 94' lang='lat'>·-</span> <span class='ocrx_word' id='word_1_229' title='bbox 292 3957 400 4017; x_wconf 89' lang='lat' dir='ltr'>tamen</span> <span class='ocrx_word' id='word_1_230' title='bbox 414 3973 565 4038; x_wconf 89' lang='lat' dir='ltr'>pompam</span> <span class='ocrx_word' id='word_1_231' title='bbox 591 3973 664 4018; x_wconf 92' lang='lat' dir='ltr'>cum</span> <span class='ocrx_word' id='word_1_232' title='bbox 679 3949 798 4018; x_wconf 87' lang='lat' dir='ltr'>Jahnio</span> <span class='ocrx_word' id='word_1_233' title='bbox 819 3952 860 4018; x_wconf 90' lang='lat' dir='ltr'>ad</span> <span class='ocrx_word' id='word_1_234' title='bbox 876 3952 1058 4020; x_wconf 89' lang='lat' dir='ltr'>Palladium</span> <span class='ocrx_word' id='word_1_235' title='bbox 1078 3952 1198 4020; x_wconf 80' lang='lat' dir='ltr'>referre</span> <span class='ocrx_word' id='word_1_236' title='bbox 1217 3952 1348 4019; x_wconf 86' lang='lat' dir='ltr'>malo</span> <span class='ocrx_word' id='word_1_237' title='bbox 1323 3974 1389 4018; x_wconf 84' lang='lat' dir='ltr'>sive</span> 
     </span>
     <span class='ocr_line' id='line_1_34' title="bbox 226 4058 1162 4143; baseline 0.003 -20"><span class='ocrx_word' id='word_1_238' title='bbox 226 4058 444 4143; x_wconf 86' lang='lat' dir='ltr'>Plynteriis</span> <span class='ocrx_word' id='word_1_239' title='bbox 419 4080 486 4125; x_wconf 83' lang='lat' dir='ltr'>sive</span> <span class='ocrx_word' id='word_1_240' title='bbox 508 4058 571 4125; x_wconf 90' lang='lat' dir='ltr'>alio</span> <span class='ocrx_word' id='word_1_241' title='bbox 594 4059 646 4125; x_wconf 90' lang='lat' dir='ltr'>die</span> <span class='ocrx_word' id='word_1_242' title='bbox 667 4058 749 4125; x_wconf 84' lang='lat' dir='ltr'>festo</span> <span class='ocrx_word' id='word_1_243' title='bbox 771 4059 908 4125; x_wconf 88' lang='lat' dir='ltr'>deducte</span> <span class='ocrx_word' id='word_1_244' title='bbox 930 4064 988 4126; x_wconf 89' lang='lat' dir='ltr'>est</span> <span class='ocrx_word' id='word_1_245' title='bbox 1158 4072 1162 4077; x_wconf 78' lang='grc'><strong>’</strong></span> 
     </span>
    </p>

    <p class='ocr_par' dir='ltr' id='par_1_9' title="bbox 227 4163 1390 4359">
     <span class='ocr_line' id='line_1_35' title="bbox 315 4163 1390 4253; baseline -0.001 -22"><span class='ocrx_word' id='word_1_246' title='bbox 315 4163 405 4243; x_wconf 85' lang='lat' dir='ltr'>Quae</span> <span class='ocrx_word' id='word_1_247' title='bbox 428 4167 589 4231; x_wconf 86' lang='lat' dir='ltr'>sententia</span> <span class='ocrx_word' id='word_1_248' title='bbox 611 4166 746 4233; x_wconf 87' lang='lat' dir='ltr'>sirecte</span> <span class='ocrx_word' id='word_1_249' title='bbox 768 4188 802 4231; x_wconf 90' lang='lat' dir='ltr'>se</span> <span class='ocrx_word' id='word_1_250' title='bbox 825 4164 1129 4253; x_wconf 73' lang='lat' dir='ltr'>habettgennetae</span> <span class='ocrx_word' id='word_1_251' title='bbox 1151 4166 1207 4251; x_wconf 88' lang='lat' dir='ltr'>qui</span> <span class='ocrx_word' id='word_1_252' title='bbox 1228 4165 1263 4230; x_wconf 89' lang='lat' dir='ltr'>in</span> <span class='ocrx_word' id='word_1_253' title='bbox 1287 4164 1390 4230; x_wconf 88' lang='lat' dir='ltr'>altera</span> 
     </span>
     <span class='ocr_line' id='line_1_36' title="bbox 227 4270 1390 4359; baseline 0.001 -21"><span class='ocrx_word' id='word_1_254' title='bbox 227 4272 433 4357; x_wconf 87' lang='lat' dir='ltr'>inscriptione</span> <span class='ocrx_word' id='word_1_255' title='bbox 456 4276 741 4340; x_wconf 88' lang='lat' dir='ltr'>commemorantur</span> <span class='ocrx_word' id='word_1_256' title='bbox 753 4272 875 4359; x_wconf 34' lang='lat' dir='ltr'>‚procul</span> <span class='ocrx_word' id='word_1_257' title='bbox 898 4273 994 4338; x_wconf 91' lang='lat' dir='ltr'>dubio</span> <span class='ocrx_word' id='word_1_258' title='bbox 1011 4272 1158 4359; x_wconf 79' lang='lat' dir='ltr'>Buzyges</span> <span class='ocrx_word' id='word_1_259' title='bbox 1178 4270 1390 4358; x_wconf 76' lang='lat' dir='ltr'>:intellegendi</span> 
     </span>
    </p>
   </div>
   <div class='ocr_carea' id='block_1_5' title="bbox 0 0 1684 5042">
    <p class='ocr_par' dir='ltr' id='par_1_10' title="bbox 0 0 1684 5042">
     <span class='ocr_line' id='line_1_37' title="bbox 0 0 1684 5042; baseline 0 0"><span class='ocrx_word' id='word_1_260' title='bbox 0 0 1684 5042; x_wconf 95' lang='lat' dir='ltr'> </span> 
     </span>
    </p>
   </div>
  </div>
 </body>
</html>
