3334 5042
806 372 1004 438 ..8-

539 589 565 651 7.
588 587 746 674 Anapbcrc
773 584 930 671 Campano
952 610 1027 649 mas.
1051 585 1160 650 Beroia
1177 584 1278 649 3025.

325 708 416 764 Gumis
428 725 485 780 rep.
503 740 537 749 -
550 708 647 765 Annali
666 708 690 762 lI
704 707 797 778 (1830)
809 711 828 762 t.
842 705 864 760 D
877 731 912 756 =
924 708 1045 762 Welcker
1058 709 1081 761 Α
1095 706 1126 763 D.
1142 707 1176 760 ΙΙΙ
1190 708 1233 761 28,
1270 705 1408 760 Ouerbech
1420 707 1490 759 2hl.
1620 670 1625 683 ⁹

415 835 454 900 Iu
480 836 583 900 tribus
607 835 758 918 gradibus
780 835 887 919 posita
909 840 956 899 est
978 834 1127 899 columna
1147 834 1252 923 ionica
1271 833 1350 897 satis
1366 839 1489 898 ornata.

326 940 514 1027 Sepulcrum
554 943 725 1025 significari
760 943 960 1026 perspicuum
996 945 1055 1004 est.
1117 939 1154 1003 In
1190 939 1341 1023 gradibus
1375 941 1491 1006 mulier

325 1050 423 1127 sedet,
449 1050 647 1114 dextrorsum
672 1069 773 1125 versa,
798 1048 928 1113 chitone
950 1052 1021 1111 atro
1044 1045 1166 1123 induta,
1190 1045 1315 1130 capillis
1338 1046 1489 1125 detonsis,

327 1156 471 1221 cruribus
493 1156 626 1221 himatio
650 1155 810 1220 involutis.
856 1153 1001 1238 Vtraque
1024 1165 1120 1217 manu
1148 1175 1260 1217 urnam
1287 1174 1434 1238 magnam
1458 1156 1489 1218 in

326 1283 418 1328 crure
453 1260 716 1347 positam'tenat‚
738 1257 857 1347 'capita
893 1261 1039 1337 demisso,
1076 1265 1173 1344 atque
1207 1265 1315 1341 aperta
1351 1260 1491 1342 lugentis

326 1368 463 1453 speciem
487 1367 628 1453 praebet.
675 1368 753 1434 (ium
778 1369 822 1434 sic
845 1368 936 1433 luctu
959 1368 1052 1452 plane
1076 1366 1117 1430 ab
1142 1368 1320 1431 astantibus
1347 1367 1491 1451 sejuncta

327 1496 394 1538 essa
416 1475 575 1552 videatur,
600 1497 679 1561 quos
701 1498 762 1542 nea
785 1476 871 1541 videt
894 1495 951 1539 nec
973 1458 1074 1549 audit,
1095 1511 1139 1519 -
1162 1474 1241 1538 duae
1265 1475 1386 1557 figurae
1410 1496 1490 1558 quaa

327 1586 404 1646 ante
429 1582 590 1647 tumulum
619 1587 708 1647 stant
741 1604 806 1646 non
835 1581 967 1671 dubium
996 1584 1043 1643 est
1070 1579 1148 1662 quin
1176 1601 1241 1644 una
1264 1581 1391 1645 actione
1415 1604 1490 1645 oon-

325 1689 461 1772 j‘unotae
483 1683 592 1770 siut¹).
640 1689 766 1753 Etenim
792 1689 906 1753 dextra
927 1688 961 1751 in
978 1691 1068 1772 parte
1083 1686 1205 1751 femina
1224 1691 1327 1752 aetate
1342 1694 1492 1772 provecta

326 1794 493 1878 aspicitur,
542 1816 622 1878 quae
667 1794 774 1859 subito
821 1796 991 1859 consistere
1035 1799 1132 1877 atque
1173 1794 1304 1875 paulum
1347 1796 1491 1860 recedere

328 1902 417 1983 quasi
447 1900 604 1965 haesitans
640 1901 774 1965 videtur.
825 1900 1006 1978 Chitonem‚
1041 1898 1222 1977 himatium‚
1258 1901 1360 1966 crines
1382 1906 1491 1966 tonsos

326 2007 436 2082 habet;
481 2009 575 2091 pedes
613 2008 724 2073 calceis
763 2007 869 2072 vestiti
911 1998 994 2072 sunt.
1055 2006 1177 2071 Dextra
1222 2011 1325 2072 erecta
1370 2008 1491 2073 clavem

326 2115 554 2179 sacerdotalem
577 2117 676 2196 tanet,
699 2135 770 2178 oum
794 2113 924 2178 summis
950 2114 1057 2179 laevae
1086 2112 1239 2196 digitibus
1266 2135 1400 2199 parvum
1424 2137 1491 2178 sus·

327 2222 433 2285 tineat
449 2219 637 2297 Palladium,
662 2221 746 2303 quod
763 2220 862 2304 paulo
877 2227 1048 2285 retrorsum
1072 2220 1189 2284 avertit
1208 2223 1299 2304 quasi
1315 2223 1346 2285 id
1363 2221 1491 2286 tradere

327 2333 498 2391 recusaret.
533 2326 660 2409 ,Oculos
694 2327 727 2390 in
753 2328 870 2411 juvene
901 2327 1020 2392 defixos
1054 2332 1144 2391 tenet
1180 2328 1236 2409 qui
1270 2335 1344 2392 ante
1380 2350 1491 2392 eama

327 2434 457 2498 sinistra
478 2434 595 2499 tumuli
610 2439 683 2498 stat.
733 2434 926 2499 Adolescens
942 2438 991 2498 est
1007 2433 1166 2508 imberbis,
1184 2435 1348 2516 chlamyde
1364 2441 1492 2499 tantum

326 2539 461 2606 vestitus
488 2542 578 2624 cujus
605 2546 701 2624 caput
725 2541 809 2625 pileo
832 2544 977 2616 cuneata,
1014 2541 1111 2624 pedes
1139 2541 1253 2605 calceis
1276 2542 1383 2604 vestiti
1406 2546 1489 2606 sunt.

326 2646 404 2731 Ejus
427 2651 539 2732 pactus
563 2649 771 2733 dextrumque
788 2646 895 2711 femur
908 2648 1152 2732 margaritarum
1167 2647 1260 2711 lineis
1278 2653 1353 2712 'siunt
1369 2652 1491 2712 oruata.

326 2753 449 2818 Dextra
473 2760 617 2841 porrecta
639 2756 781 2819 taeniam
803 2755 959 2820 sacerdoti
983 2753 1095 2818 offerre
1120 2755 1260 2831 videtum
1282 2756 1412 2819 sinistra
1434 2755 1491 2818 ali·
1618 2766 1620 2771 '

327 2861 402 2946 quid
428 2865 519 2926 tenet
543 2863 626 2945 quod
651 2861 795 2948 gladium
823 2882 890 2925 esse
919 2859 1178 2941 Furtwdnglarus
1205 2867 1291 2926 recte
1319 2867 1357 2926 ut
1380 2863 1492 2946 opinor

327 2968 497 3032 arbitratus
521 2974 578 3034 est.
963 2953 965 2959 Ι

416 3072 580 3139 Minervae
605 3080 711 3139 autem
735 3075 908 3140 sacerdotis
931 3074 1034 3156 figura
1049 3073 1160 3137 habitu
1177 3078 1209 3137 et
1224 3073 1340 3137 vestitu
1356 3075 1491 3138 maxime

327 3202 399 3245 cum
421 3181 476 3244 illa
499 3181 648 3265 congruit
670 3202 750 3263 quae
777 3183 811 3245 in
827 3180 981 3264 amphora
1001 3201 1096 3264 snpra
1112 3182 1269 3264 descripta
1285 3182 1492 3263 oo'nspioitum

327 3292 425 3370 atque
460 3288 557 3352 etiam
584 3281 663 3351 albis
686 3288 807 3373 capillis
830 3286 959 3351 Theano
987 3286 1159 3371 significari
1183 3292 1270 3371 puto,
1306 3309 1378 3351 eum
1406 3286 1492 3371 apud

327 3393 504 3459 Homerum
528 3394 672 3460 Antenor
705 3417 800 3459 senex
828 3414 896 3458 essa
924 3394 1057 3461 dicatur.
1109 3393 1158 3458 Ex
1182 3416 1218 3457 ea
1251 3396 1374 3471 ratione
1408 3401 1493 3459 certe

328 3522 390 3583 qua
413 3501 535 3565 clavem
559 3502 621 3566 lert
654 3524 718 3566 uon
741 3503 808 3566 sine
831 3501 970 3584 quadam
994 3503 1060 3566 veri
1083 3501 1188 3586 specie
1216 3501 1359 3565 concludi
1387 3507 1493 3585 potest

327 3605 507 3672 Palladium
549 3610 589 3671 ah
628 3628 667 3671 ea
704 3630 741 3672 ex
780 3606 899 3690 templo
939 3610 1093 3693 quodam,
1133 3609 1223 3692 cnjus
1261 3608 1345 3672 fores
1383 3607 1492 3673 sedulo

328 3715 473 3780 occlusae
496 3719 596 3790 erant,
620 3714 714 3778 modo
737 3722 921 3800 surreptum
943 3716 1053 3780 fuisse.

420 3820 534 3904 ltaque
578 3840 724 3885 scaenam
758 3823 797 3885 ad
838 3822 975 3888 Palladii
1012 3821 1138 3907 Trojani
1177 3828 1305 3906 raptum
1343 3818 1497 3907 referu²)‚²

398 4025 419 4093 ¹)
437 4022 497 4079 lloc
524 4022 639 4080 tortasse
667 4040 721 4077 nou
749 4023 814 4078 satis
842 4024 960 4093 respexit
990 4023 1167 4079 Benndorfius
1195 4023 1366 4078 Vaseubilder
1394 4041 1420 4093 p.
1444 4023 1481 4077 44

327 4112 395 4169 hdn
414 4114 475 4169 229.

399 4203 420 4278 ²)
439 4201 507 4258 Cum
526 4202 612 4257 Hirtio
631 4200 739 4266 (Annali
758 4201 781 4255 ll
800 4201 846 4269 95)
865 4204 893 4255 et
910 4199 1008 4255 lahnio
1026 4201 1043 4256 Ι.
1063 4218 1084 4257 c.
