3334 5042
771 217 817 281 '27

211 407 342 474 videtur
377 416 434 503 qui
468 413 557 480 illam
591 416 759 501 regionem
789 413 986 480 incolebant.
1035 416 1144 501 Atque
1179 409 1246 481 hoc
1270 418 1391 504 optime

213 542 251 584 eo
276 521 498 605 confirmatur,
536 523 623 609 quod
652 531 783 609 praeter
807 522 1030 609 Chrysaorem
1060 525 1158 587 etiam
1182 521 1257 606 Car,
1294 526 1392 589 totius

212 629 319 713 gentis
344 640 466 712 auctor,
493 631 592 695 ldriei
609 640 703 717 pater
719 632 905 694 nominatur
921 630 1048 716 (Steph.
1066 631 1146 716 Byz.
1168 653 1193 694 s.
1210 654 1241 695 v.
1254 629 1389 723 Ἰδριάς).

212 734 371 800 Futurum
395 759 475 801 vero
499 735 614 820 fuisse,
652 746 686 800 ut
709 759 831 822 proavo
868 747 965 823 atque
1002 738 1128 801 auctori
1158 739 1258 802 totius
1282 739 1390 823 gentis

213 844 323 926 magni
346 843 488 908 honores
513 841 743 925 tribuerentur,
761 841 858 906 facile
872 851 1093 928 exspectatur.
1125 842 1227 929 Atqui
1242 845 1275 907 in
1294 843 1391 909 Caria

215 949 380 1014 celebrem
405 951 539 1033 „Iovis“
570 956 754 1043 Χρυσάορος
788 947 911 1013 cultum
947 951 1115 1013 exstitisse
1151 950 1304 1015 traditum
1334 961 1393 1016 est.

216 1058 355 1142 Itaque
379 1058 481 1136 hunc
506 1056 768 1142 Chrysaorem
793 1057 958 1120 eundem
984 1067 1101 1142 atque
1126 1055 1233 1121 illum
1251 1055 1393 1122 Carum

217 1188 408 1251 proavum
433 1188 528 1230 esse
553 1167 639 1229 iure
664 1186 811 1252 ponere
837 1164 939 1230 licet.

306 1290 439 1356 Carium
462 1300 571 1356 autem
594 1291 815 1377 Chrysaorem
840 1289 982 1354 eundem
1006 1313 1045 1354 ac
1070 1288 1235 1375 Gorgonis
1260 1293 1394 1377 stirpem

219 1420 295 1462 esse
321 1396 604 1484 Schoemanuus1)
629 1397 731 1462 etalii
756 1422 816 1464 suo
840 1382 1159 1489 hlarte‘posuerunti
1190 1397 1263 1463 Hoc
1286 1408 1395 1462 tamen

218 1507 287 1570 iure
313 1506 383 1571 fieri
409 1508 609 1592 argumentis
634 1506 915 1593 comprobandum
940 1516 999 1570 est.
1045 1511 1094 1569 Ae
1119 1504 1315 1592 Chrysaoris
1340 1508 1397 1592 qui

218 1613 258 1677 ab
273 1613 418 1677 Hesiodo
442 1616 625 1697 „magnus“
644 1615 841 1697 nominatur,
862 1636 957 1678 omne
974 1615 1151 1698 vestigium
1174 1615 1314 1699 periisse
1330 1637 1397 1679 non

218 1720 395 1784 verisimile
413 1731 472 1786 est.
505 1721 600 1802 Quod
619 1724 646 1785 si
663 1723 708 1786 ita
723 1730 783 1802 est,
802 1745 888 1786 unus
906 1721 1024 1787 Carius
1038 1720 1206 1806 Chrysaor
1221 1723 1396 1802 invenitur,

219 1829 262 1891 ad
285 1850 383 1915 quem
407 1851 547 1913 magnus
573 1829 739 1914 Gorgonis
763 1828 851 1892 filins
875 1828 992 1893 referri
1016 1831 1129 1914 possit.
1177 1828 1293 1914 Neque
1316 1828 1397 1893 illud

221 1936 393 2000 offensioni
416 1946 476 2016 est,
513 1936 602 2022 quod
626 1938 744 2001 ceteris
768 1936 869 2001 rebus
894 1934 1040 2000 fabulam
1076 1938 1207 2000 omuino
1233 1934 1396 2000 Graecam

221 2043 498 2108 essevidebimus.
524 2044 600 2130 Ipse
614 2046 699 2108 enim
712 2043 880 2130 Chrysaor
890 2046 921 2107 in
933 2046 1038 2129 prima
1048 2042 1274 2107 fabulaforma
1284 2041 1396 2107 defuit.

221 2148 283 2215 Cui
298 2152 347 2214 rei
370 2150 433 2215 hoc
457 2150 652 2216 documento
678 2162 737 2215 est.
777 2151 817 2215 Iu
841 2153 1066 2216 vetustissima
1089 2149 1203 2215 fabula
1225 2151 1398 2236 Neptunus

222 2278 326 2344 equus
362 2281 438 2322 cum
472 2258 612 2322 Medusa
648 2260 768 2346 equina
802 2259 968 2343 Pegasum
1002 2260 1125 2342 genuit.
1185 2258 1397 2342 Theogoniae

222 2375 329 2429 autern
356 2389 373 2429 e
398 2389 498 2430 versu
522 2367 605 2433 283:

581 2477 707 2566 ὁδ’ἄορ
731 2479 865 2568 χρύσειον
889 2460 955 2566 ἔχεν
979 2480 1058 2566 μετὰ
1080 2478 1165 2565 χερσὶ
1188 2479 1293 2567 popa

223 2590 358 2666 apparet
379 2581 524 2646 Hesiodo
543 2580 765 2668 Chrysaorem
785 2605 852 2646 non
875 2591 911 2645 ut
927 2582 1093 2667 equinum,
1118 2580 1178 2645 sed
1204 2583 1316 2666 speeie
1341 2579 1399 2644 hu-

220 2710 318 2751 mana
346 2687 556 2753 obversatum
581 2712 665 2753 esse.
714 2690 808 2770 Quae
832 2691 861 2752 si
885 2691 1022 2776 pristina
1059 2690 1130 2752 eius
1167 2690 1296 2775 specics
1326 2686 1397 2769 fuit,

223 2794 255 2859 id
282 2796 370 2882 quod
406 2799 477 2861 sine
514 2820 615 2862 causa
638 2797 874 2879 dubitaremus,
910 2798 942 2860 iu
978 2805 1089 2880 aperto
1121 2805 1171 2858 est
1194 2818 1270 2860 enm
1293 2797 1398 2881 primo

222 2925 286 2966 non
312 2903 451 2969 duorum
476 2927 635 2991 equorum
660 2908 796 2991 stirpem
820 2904 934 2968 fuisse.
981 2903 1078 2968 Unde
1102 2913 1241 2989 apparet
1257 2903 1398 2989 Chrysa·

224 3032 313 3074 orem
345 3034 412 3076 non
435 3014 592 3098 pristinae
616 3011 748 3076 fabulae
772 3009 993 3092 tribuendum,
1031 3010 1090 3073 sed
1114 3020 1229 3094 postea
1253 3008 1399 3073 additum

225 3140 309 3182 esse.
356 3119 465 3205 Atque
489 3120 671 3205 analogiam
707 3118 845 3206 praebet
873 3117 984 3181 fabula
1020 3140 1103 3203 quae
1133 3117 1173 3182 de
1198 3118 1398 3203 Despoenae

225 3227 348 3309 origine
374 3237 432 3290 est.
481 3227 574 3307 Quae
610 3228 752 3291 humana
787 3228 898 3312 specie
934 3225 1081 3310 praedita
1115 3247 1181 3288 una
1216 3247 1289 3288 cum
1315 3247 1399 3311 equo

225 3333 347 3397 Arione
383 3357 403 3398 a
432 3334 584 3420 Neptuno
621 3358 706 3420 equo
736 3346 768 3399 et
803 3335 923 3419 equina
951 3331 1399 3415 Cere1·e·Furia(Demeter-

225 3440 360 3528 Erinys)
395 3452 472 3506 nata
507 3453 585 3507 erat.
632 3430 702 3507 Nec
732 3453 843 3506 tamen
871 3441 948 3505 huie
983 3439 1196 3525 genealogiae
1222 3441 1401 3526 Despoena

224 3550 316 3634 prius
339 3549 467 3614 adiecta
491 3560 551 3632 est,
577 3574 675 3636 quam
700 3549 803 3613 Ceres
820 3550 987 3640 (Δημήτηρ)
1004 3548 1123 3611 Furiae
1140 3543 1276 3638 (Ἐρινύι)
1301 3570 1399 3612 exae-

227 3667 324 3742 quata
352 3667 449 3721 esset.
502 3657 632 3722 Deinde
657 3659 685 3720 si
709 3658 967 3737 meminerimus,
1005 3654 1092 3740 quod
1116 3654 1292 3718 didicimus
1327 3655 1400 3739 ipsa

227 3775 437 3828 monumenta
472 3786 546 3828 eum
583 3766 694 3828 Ionica
718 3764 818 3827 Asiae
855 3774 923 3826 arte
960 3784 1087 3825 conexa
1113 3758 1334 3846 Chrysaorem
1370 3771 1401 3825 et

226 3871 400 3955 Pegasum,
425 3882 535 3936 cetera
559 3895 658 3936 unum
682 3872 847 3956 Pegasum
872 3869 1032 3956 praebere
1057 3868 1111 3954 (ef.
1136 3892 1166 3954 p.
1191 3869 1255 3952 22),
1293 3867 1402 3932 elucet

229 3977 546 4067 Chrysaoremin
563 3982 714 4045 oriente
740 3979 889 4042 demum
915 3976 1074 4041 fabulae
1104 3976 1279 4040 additum
1303 3998 1401 4041 esse.

228 4086 398 4167 Quaeres
423 4090 563 4153 maxime
591 4087 713 4152 iudicio
738 4097 789 4151 est
822 4089 893 4151 iure
927 4107 988 4149 nos
1014 4084 1233 4170 Chrysaorem
1263 4083 1401 4148 Hesiodi

229 4197 369 4261 eundem
393 4220 432 4260 ac
457 4196 588 4262 Carium
614 4196 743 4260 ducere.
790 4194 833 4259 Et
857 4192 1077 4279 Chrysaorem
1105 4190 1183 4255 alibi
1212 4213 1342 4277 quoque
1366 4201 1402 4254 ut

229 4302 347 4390 Glauci
371 4302 472 4367 filium
492 4304 640 4368 Graecae
664 4301 877 4388 genealogiae
901 4303 1060 4365 insertum
1078 4321 1153 4363 esse
1169 4300 1235 4362 iam
1250 4298 1401 4364 vidimus.

322 4519 341 4590 ¹)
363 4516 464 4588 Opnso.
483 4517 511 4571 Π
528 4537 554 4591 p.
574 4517 634 4572 206.
