3334 5042
750 314 790 367 19·

195 490 368 548 continent:
391 486 422 564 a)
438 490 609 549 ‘Medusam
631 490 715 548 cuins
739 511 757 547 e
780 491 860 548 collo
884 492 1037 564 sanguinis
1060 492 1143 548 rivoli
1163 500 1290 566 surgunt
1305 499 1338 547 et

197 592 376 666 Gorgonem
405 592 446 649 ad
468 594 499 651 d.
521 601 702 667 currentem,
723 588 756 666 b)
779 592 907 649 alteram
930 591 1118 668 Gorgonem,
1140 589 1170 666 c)
1194 590 1339 650 Perseum

196 684 398 767 (WMH'I)
420 692 599 767 fugientem.

292 796 320 853 7.
354 792 471 868 Hydria
493 794 586 852 attica
605 793 702 852 Caere
725 803 845 868 reperta
868 794 1009 869 principis
1033 795 1160 870 Ruspoli
1182 794 1220 857 cf.
1243 796 1278 856 A.
1302 796 1336 856 Ζ.

198 895 276 953 1881
300 913 329 968 p.
354 895 392 953 29
415 895 486 953 adn.
511 897 537 955 2.

294 993 417 1052 Praeter
445 995 608 1055 Medusam
639 1013 746 1053 omnes
776 995 891 1071 figurae
921 998 1045 1057 adsunt.
1088 998 1171 1054 Intra
1194 997 1339 1056 Perseum

194 1113 254 1152 nec
278 1095 363 1153 cibisi
386 1114 445 1154 nec
473 1097 577 1173 gladio
604 1098 754 1172 insignem
782 1114 909 1172 magnus
942 1115 1068 1173 serpens
1103 1098 1239 1159 volvitur.
1283 1100 1340 1157 Mi-

194 1215 289 1255 nerva
320 1207 404 1255 caret
427 1197 587 1258 attributis,

295 1302 323 1357 8.
347 1299 454 1361 Patera
474 1299 570 1357 musei
594 1298 784 1373 Gregoriani,
808 1300 856 1358 ed.
881 1299 958 1358 Mus,
982 1300 1075 1374 Greg.
1100 1300 1128 1357 ll
1153 1303 1203 1368 92,
1228 1304 1254 1369 4,
1277 1304 1305 1361 5.

294 1401 329 1457 ln
350 1409 435 1475 parte
468 1401 564 1457 altera
595 1400 686 1457 homo
715 1402 814 1458 nudus
837 1395 1052 1478 (Mercurius?)
1076 1400 1205 1458 Perseus
1231 1400 1337 1477 Gorgo

192 1503 288 1561 add.
312 1511 442 1575 currunt,
466 1503 497 1558 in
518 1504 612 1560 altera
635 1502 741 1577 Gorgo
768 1504 847 1558 inter
878 1503 957 1560 duos
980 1502 1103 1577 Satyros
1133 1511 1165 1558 et
1197 1504 1263 1577 ipsa
1296 1505 1337 1559 ad

193 1605 335 1662 dextram
357 1606 456 1663 currit.

296 1704 324 1763 9.
351 1705 464 1763 Guttus
496 1706 526 1762 ln
548 1704 827 1762 nomismatotheca
848 1700 985 1777 (cabinet
1008 1706 1064 1762 des
1086 1700 1258 1784 medailles)
1282 1706 1338 1765 Pa·

191 1807 287 1865 risIna
314 1816 496 1874 asservatus,
527 1807 576 1865 ed.
600 1805 701 1863 Braun
735 1807 771 1864 A.
802 1807 832 1864 d.
857 1805 879 1863 Ι.
904 1806 982 1865 1851
1010 1805 1070 1865 tab.
1094 1806 1127 1873 P,
1160 1807 1338 1866 Milliet-Gi·

191 1909 325 1979 raudon,
347 1926 436 1966 vases
456 1908 558 1983 peints
581 1909 622 1964 du
645 1926 671 1965 c.
695 1908 725 1966 d.
747 1924 786 1965 m.
809 1905 862 1975 lV,
886 1906 959 1963 VIII
974 1926 1000 1964 c.

295 2009 411 2068 Omnes
432 2009 545 2066 adsunt
572 2025 731 2084 personae,
766 2026 805 2065 ex
827 2008 931 2065 Persei
959 2008 1044 2066 cibisi
1072 2010 1196 2085 sanguis
1224 2020 1337 2070 manat.

193 2113 366 2172 Mercurius
389 2120 421 2169 et
443 2110 580 2169 Minerva
601 2130 664 2169 non
686 2111 830 2186 Insignita
852 2118 935 2168 stant
956 2111 1059 2185 quleti.

297 2216 344 2273 10.
364 2212 482 2289 Hydria
500 2211 670 2270 Caeretana
686 2229 763 2270 mus.
779 2210 1030 2269 Vindobonensis
1052 2232 1081 2270 n.
1099 2214 1156 2273 221
1171 2208 1335 2292 (Masner),

190 2320 239 2377 ed.
266 2316 302 2374 A.
324 2317 355 2374 d.
376 2315 398 2374 I.
427 2314 504 2375 1866
527 2316 588 2372 tab.
611 2315 647 2372 R.
673 2381 675 2387 ,

295 2416 421 2474 Perseus
444 2433 498 2491 per
519 2433 591 2474 aera
613 2415 743 2490 fugiens
772 2414 910 2473 Minerva
932 2416 1045 2493 quieta,
1079 2414 1184 2491 Gorgo
1211 2435 1332 2477 currens

190 2518 333 2578 manibus
369 2518 526 2592 ingentem
558 2526 731 2592 serpentem
762 2526 898 2592 portans.
958 2516 1074 2589 Quarta
1110 2518 1200 2575 adest
1231 2519 1338 2577 mulier

188 2619 317 2697 palliata
340 2635 484 2676 coronam
507 2627 624 2676 tenens.
668 2617 789 2676 Pictura
821 2618 970 2676 clauditur
1000 2617 1124 2694 singulIs
1147 2618 1333 2696 sphingibus.

190 2720 378 2796 Adscriptae
400 2727 471 2777 sunt
493 2719 609 2778 litterae
635 2720 747 2776 multae
774 2737 838 2776 non
869 2721 952 2776 omni
975 2737 1067 2777 sensu
1096 2728 1250 2797 carentes;
1285 2739 1336 2797 ap·

193 2832 282 2901 paret
303 2823 452 2897 pictorem
473 2837 529 2878 eos
552 2821 752 2895 descripsisse
775 2838 877 2894 neque
897 2838 969 2876 vero
996 2819 1188 2879 intellexisse.
1231 2822 1336 2897 Agno-

195 2932 322 2984 scuntur
346 2940 460 2979 nomen
482 2921 595 2979 Perseo
629 2923 815 2996 adscriptum
844 2914 991 3010 fflli‘l
1017 2919 1068 2993 (cf.
1091 2922 1120 2977 K
1144 2919 1175 2995 1)
1204 2933 1235 2979 et
1263 2932 1336 2981 ante

193 3027 354 3102 sphingem
376 3025 515 3080 dextram
536 3023 628 3079 verba
651 3016 680 3096 μ’
704 3016 854 3095 ἑπόησεν.
899 2997 1037 3097 ὃέῐρεηῖί
1060 3039 1079 3078 a
1098 3022 1244 3099 Gorgone
1266 3041 1335 3099 por-

194 3135 280 3208 tatae
302 3125 343 3183 M.
366 3125 474 3197 Meyer
494 3120 598 3198 (Verh.
625 3126 654 3182 d.
678 3123 782 3183 Philol.
799 3122 887 3182 Vers.
911 3142 936 3182 z.
958 3121 1190 3183 Goerlit21889
1212 3143 1241 3200 p.
1261 3120 1335 3202 347)

192 3237 225 3285 et
246 3226 370 3284 Masuer
404 3226 591 3301 adscriptum
624 3242 692 3283 esse
724 3232 835 3300 putant
860 3216 1004 3301 95105,
1029 3225 1115 3299 quod
1148 3241 1334 3303 quamquam

194 3328 299 3385 litteris
322 3326 453 3384 sortasse
475 3327 654 3394 admittitur,
677 3335 801 3402 propter
823 3345 886 3384 rem
907 3344 1015 3402 parum
1038 3334 1083 3383 est
1103 3327 1269 3401 probabile.

296 3429 344 3488 11.
372 3426 526 3502 Amphora
559 3426 732 3485 Caeretana
764 3444 840 3486 mus.
875 3427 987 3503 Lupor.
1026 3428 1075 3486 ed.
1103 3426 1145 3486 M.
1166 3429 1196 3486 d.
1216 3427 1240 3485 I.
1263 3426 1334 3486 Vlll

193 3534 243 3601 34,
267 3532 284 3588 2
307 3529 344 3588 cf.
368 3528 669 3606 Dumont·Cbaplain
690 3530 708 3589 l.
733 3548 757 3589 c.
779 3529 793 3587 I
813 3548 842 3604 p.
868 3528 977 3590 33311
999 3547 1027 3603 p.
1053 3531 1110 3588 116
1133 3529 1205 3589 adn.
1229 3535 1255 3589 l.

293 3632 420 3689 Perseus
435 3631 501 3705 ipse
517 3632 620 3699 deest3
637 3632 751 3689 adsunt
761 3630 927 3688 Mercurius
950 3622 1128 3707 (triento)
1151 3631 1233 3687 duae
1256 3631 1334 3688 Gor·

194 3750 291 3808 gones
312 3731 443 3790 Medusa
467 3733 669 3807 procumbens
701 3732 841 3789 manibus
874 3731 986 3789 innisa.
1030 3730 1112 3787 Inter
1143 3731 1207 3788 alas
1242 3742 1334 3807 caput

192 3835 343 3908 prominet
365 3833 447 3891 haud
471 3835 563 3891 dubie
591 3836 631 3891 ab
667 3834 790 3891 homine
820 3833 935 3891 recenti
965 3832 1106 3890 additum
1139 3831 1175 3889 cf.
1197 3831 1333 3890 Dumont

194 3934 212 3993 l.
234 3952 259 3993 c.

299 4038 347 4096 12.
381 4037 537 4113 Amphora
569 4055 646 4097 mus
669 4037 791 4095 Monac.
821 4039 889 4106 619,
922 4037 972 4094 ed.
1004 4036 1145 4093 Gerhard
1167 4036 1202 4093 A.
1226 4031 1263 4095 V.
1286 4037 1335 4110 88,

193 4132 411 4195 Trinkschalen
432 4156 461 4198 u.
484 4139 555 4197 Gef.
578 4137 605 4195 ll
628 4139 657 4198 8.

291 4237 407 4296 Omnes
430 4240 544 4296 adsunt
573 4255 743 4313 personae,
775 4239 944 4297 Mercurius
973 4246 1004 4294 et
1029 4237 1166 4297 Minerva
1193 4237 1271 4294 inter
1297 4255 1332 4306 se

194 4338 419 4413 colloquuntur;
444 4339 572 4396 Perseus
594 4358 650 4416 per
672 4357 819 4398 aeraeos
842 4341 1064 4416 praetercurrit.
