3334 5042
844 254 885 317 14

276 448 453 513 liberorum
478 447 711 534 aparentibus
737 458 827 513 ortus
852 449 1064 534 significatur,
1088 459 1124 512 ut
1146 448 1232 513 idem
1258 472 1297 512 ac
1315 449 1453 534 simplex
1562 448 1564 453 ’

233 592 236 599 1
276 579 395 620 nomen
420 564 542 638 notent,
567 555 692 619 uthis:
716 564 822 624 nostro
847 555 931 642 (scil.
949 555 1050 635 Solis)
1071 559 1213 639 percitum
1236 559 1273 622 de
1295 560 1453 639 soepeeioe

278 661 360 745 (scil.
385 662 612 748 Phaetontem)
641 662 730 748 (Met.
755 664 787 729 II
812 664 882 746 9023
907 668 1062 748 scopatae
1076 671 1173 729 eolus
1188 665 1292 728 eodem
1307 684 1367 745 quo
1392 712 1451 728 ...

276 770 340 852 (lb.
365 771 520 858 471s72);
551 772 659 836 eolles
695 773 732 836 de
764 779 869 837 oestro
893 776 1047 856 sauguine
1069 772 1176 837 miles
1191 776 1250 837 erit
1281 770 1389 857 (Prop.
1418 772 1452 835 II

277 879 306 959 7,
334 877 397 963 14).
444 878 556 942 Tertia
591 877 678 943 illius
713 877 888 943 locutionis
925 881 1024 961 notio,
1061 902 1144 965 quae
1168 889 1277 944 tamen
1301 880 1344 943 ad
1367 879 1452 942 hanc

277 986 505 1070 quaestionem
529 1007 595 1049 non
618 987 769 1070 pertinet,
803 985 886 1051 haec
912 997 971 1068 est,
1004 996 1040 1050 ut
1062 1010 1178 1072 genus,
1209 1009 1250 1050 ex
1283 1009 1347 1072 quo
1377 987 1450 1072 quis

275 1100 371 1155 natus
408 1100 466 1171 est,
502 1091 625 1156 indicet
659 1090 713 1172 (of.
751 1091 812 1158 Ov.
850 1092 924 1157 Met.
960 1092 1036 1177 XV·
1060 1093 1140 1175 4473
1176 1093 1265 1157 Fast.
1302 1092 1354 1156 III
1390 1092 1448 1174 733

275 1190 422 1263 Heroid'
446 1197 530 1263 XVI
556 1200 640 1283 191).
697 1200 768 1262 Iam
803 1221 965 1285 quaenam
996 1201 1142 1284 priorum
1174 1200 1451 1284 significationum

275 1307 309 1371 in
332 1305 405 1370 illos
442 1288 631 1392 dequibus
666 1308 834 1392 quaeritur
863 1306 975 1371 Ovidii
1002 1306 1093 1372 locos
1130 1307 1236 1389 cadat,
1265 1308 1450 1371 accuratius

278 1415 511 1477 examinemus
561 1412 646 1478 Hub.
672 1413 820 1479 Schmidt
850 1413 989 1478 eandem
1014 1437 1053 1478 ac
1077 1413 1255 1499 Gigantum
1292 1416 1451 1498 originem

275 1519 530 1605 intellegendam
556 1543 631 1584 esse
659 1519 793 1607 putat1).
842 1520 907 1601 Qui
936 1523 1070 1606 originis
1105 1521 1223 1585 modus
1252 1543 1333 1584 sane
1363 1520 1451 1606 apud

276 1626 487 1692 scholiastam
510 1627 668 1692 Nicandri
696 1627 737 1691 de
766 1650 830 1714 quc
860 1651 961 1715 supra
991 1629 1143 1710 diximus
1186 1630 1335 1693 occurrit.
1381 1628 1451 1691 Nec

275 1745 384 1800 tamen
408 1732 526 1800 unicus
550 1734 604 1800 ille
628 1734 721 1800 locus
738 1738 904 1821 propriam
920 1735 1052 1799 fabulae
1068 1735 1207 1801 formam
1226 1735 1452 1821 complectitur

276 1842 331 1929 (cf.
357 1867 388 1929 p.
416 1843 528 1928 lesit.)
586 1841 708 1907 Contra
733 1845 897 1935 communi
926 1843 1038 1907 fabula
1067 1844 1107 1907 de
1132 1853 1204 1908 ortu
1236 1865 1299 1907 uno
1330 1866 1350 1906 a
1378 1866 1449 1906 san·

217 1992 218 1996 =
275 1952 375 2035 guine
400 1949 566 2035 Gorgonis
590 1951 677 2014 facto
701 1948 782 2013 nihil
811 1949 959 2029 traditur,
991 1952 1051 2014 sed
1074 1951 1246 2037 Neptunus
1275 1960 1368 2036 pater
1390 1951 1450 2014 Pe-

275 2059 347 2143 gasi
370 2059 566 2126 nominatur.
613 2056 723 2142 Atque
749 2056 917 2141 vulgarem
946 2055 1091 2121 fabulam
1122 2059 1218 2121 etiam
1245 2056 1366 2142 Ovidio
1396 2054 1451 2120 ob-

276 2175 441 2229 versatam
466 2186 541 2228 esse
566 2186 607 2228 ex
636 2185 674 2228 ec
704 2175 850 2250 apparet,
892 2165 981 2250 quod
1016 2175 1048 2227 et
1079 2187 1144 2229 uno
1180 2175 1212 2227 et
1246 2163 1348 2228 altero
1377 2163 1450 2227 loco

277 2271 389 2356 Gorgo
413 2278 512 2336 mater
536 2269 728 2356 appellatur.
775 2272 892 2356 Neque
917 2281 996 2354 erat,
1015 2272 1101 2357 quod
1126 2270 1270 2335 fabulam
1295 2294 1315 2335 a
1331 2273 1450 2336 ceteris

277 2377 518 2464 discrepantem
544 2387 641 2463 atque
666 2377 795 2442 duobus
821 2388 945 2442 tantum
970 2378 1122 2446 versibus
1151 2379 1290 2444 afferret.
1340 2378 1451 2458 Quare

275 2485 342 2549 illic
380 2485 490 2548 verbis
530 2487 643 2548 matris
679 2485 717 2549 de
752 2488 908 2568 sanquine
944 2484 1083 2570 simplex
1118 2508 1238 2550 nomen
1273 2484 1452 2570 significari

277 2593 437 2658 videmus.

364 2717 450 2781 Num
486 2740 564 2782 vero
601 2717 676 2781 hinc
710 2717 930 2803 colligendum
970 2729 1021 2783 est
1049 2718 1203 2783 Ovidium
1244 2741 1450 2783 communem

278 2823 399 2910 Pegasi
422 2834 528 2888 crtum
551 2824 658 2889 animo
676 2824 837 2888 finxisse?
885 2826 978 2906 Quae
996 2849 1075 2890 sane
1095 2828 1295 2907 „Lactantii“
1315 2825 1448 2910 (narrat.

276 2933 339 2998 fab.
366 2932 413 2996 IV
438 2933 470 3012 7)
495 2932 604 3017 opinio
629 2942 689 3011 est,
715 2935 770 3018 qui
795 2932 907 2997 Ovidii
931 2936 1151 2999 narrationem
1180 2932 1287 2999 soluta
1304 2935 1450 2998 oratione

275 3043 504 3126 interpretatus
535 3040 616 3104 haec
646 3040 738 3105 dicit:
774 3047 863 3106 utero
899 3049 1003 3106 aulem
1037 3043 1191 3107 Medusae
1225 3044 1321 3107 totos
1355 3062 1451 3122 equos

277 3147 418 3232 Pegasus
441 3169 523 3212 eum·
540 3150 658 3229 peonis
685 3151 756 3214 eee't.
804 3149 902 3213 Unde
930 3149 1093 3235 Mythogr.
1121 3150 1191 3214 Vat.
1225 3149 1258 3212 II
1294 3149 1357 3212 112
1390 3170 1450 3211 sua
1561 3219 1563 3221 ,

276 3257 416 3341 sumpsit
471 3254 542 3318 Nec
567 3278 645 3320 vero
670 3257 752 3321 haec
776 3258 1001 3342 interpretatio
1030 3257 1201 3343 probanda
1229 3266 1287 3320 est.
1333 3255 1450 3341 Neque

277 3363 429 3425 enim'ex
454 3361 566 3427 Ovidii
595 3363 705 3428 verbis
737 3387 946 3429 communem
981 3364 1140 3428 nascendi
1174 3364 1308 3428 modum
1343 3364 1450 3449 magis

277 3468 431 3554 colligere
455 3467 532 3533 licet
561 3493 659 3555 quam
687 3493 728 3534 ex
756 3471 807 3535 his
842 3495 924 3557 quos
950 3494 976 3536 e.
1001 3494 1031 3556 g.
1062 3473 1213 3558 ponimus
1254 3471 1353 3536 locis:
1390 3476 1450 3538 υἱὸν

274 3583 425 3670 Γοργόνος
463 3582 609 3667 Πάγασον
645 3578 750 3660 (pind.
790 3578 842 3643 01.
872 3578 961 3643 XIII
989 3578 1059 3663 63)3
1096 3600 1134 3643 ee
1168 3579 1307 3643 Medusa
1344 3627 1350 3641 .
1378 3630 1383 3642 .
1411 3631 1417 3642 .
1444 3629 1450 3642 .

276 3691 306 3749 et
329 3684 477 3765 Neptuno
502 3688 571 3749 uoti
598 3692 671 3750 seat
702 3685 861 3770 Chrysaor
888 3693 917 3751 et
949 3708 1046 3768 equos
1074 3686 1217 3770 Pegasus
1247 3687 1348 3771 (Hyg.
1383 3684 1448 3749 fab.
1503 3767 1506 3770 ἦ

278 3789 365 3876 151).
412 3791 526 3877 Neque
554 3792 657 3856 voluit
685 3793 725 3856 de
757 3803 846 3857 ortus
878 3796 1076 3880 proprietate
1102 3794 1241 3859 Ovidius
1275 3796 1450 3878 quicquam

275 3898 434 3985 proferre.
481 3899 588 3980 Quem
625 3899 707 3965 collo
740 3900 904 3984 Gorgonis
941 3902 1074 3966 desecto
1110 3902 1231 3965 factum
1269 3923 1345 3964 esse
1378 3902 1449 3985 ipse

152 4051 155 4056 -
276 4028 407 4092 quoque
433 4008 511 4071 dicit
535 4007 623 4091 (Met.
648 4007 696 4071 IV
721 4007 805 4089 785).

364 4133 494 4198 4.'Uno
519 4143 628 4196 autem
655 4156 696 4196 ex
729 4132 881 4197 omnibus
913 4145 1062 4221 veterum
1096 4136 1291 4199 testimoniis
1327 4134 1450 4199 dictum

277 4249 327 4304 est
354 4241 475 4325 Pegasi
505 4251 607 4303 ortum
633 4263 711 4316 ⁴non
745 4238 851 4306 solum
888 4244 1052 4306 communi
1086 4242 1182 4306 modo
1218 4240 1354 4322 factum,
1390 4241 1450 4304 scd

367 4456 385 4515 ¹>
411 4452 627 4508 Observationes
656 4453 885 4522 archaeologicac
913 4455 942 4506 in
964 4426 1095 4508 'carmina
1112 4413 1276 4518 ⁸Hesiodea;
1307 4455 1448 4509 dissertat.

274 4542 406 4611 philolog.
427 4543 562 4596 Halcnses
581 4543 637 4596 XII
656 4544 749 4612 (1891)
769 4565 796 4615 p.
819 4545 869 4598 143
888 4563 916 4597 n.
935 4545 960 4597 8.
