3334 5042
793 236 812 302 3

216 445 330 523 posset
357 436 419 500 nisi
449 436 574 499 auctori
597 457 616 497 a
640 434 756 499 Verrio
780 432 902 496 Flacco
928 440 1083 517 excerpto
1108 432 1229 516 Pegasi
1252 446 1390 495 matrem

216 543 395 629 nympham
431 544 536 607 visam
572 564 658 607 esse.
711 542 754 606 At
787 550 877 604 recte
913 563 987 605 eum
1022 539 1223 605 iudicavisse
1258 541 1391 603 minime

217 650 373 735 colligere
395 649 481 714 licet.

305 757 355 822 Ea
389 765 498 822 autem
534 778 617 842 quae
647 765 698 821 est
722 755 762 821 de
787 756 950 841 Pegaside
972 755 1167 840 genealogia
1195 764 1283 819 certo
1314 754 1391 818 inde

216 864 319 946 fluxit,
349 864 436 951 quod
460 874 535 951 post
562 872 700 928 aetatem
726 885 811 949 quae
835 864 955 927 dicitur
982 862 1242 927 Alexandrinam
1280 860 1393 926 fabula

219 972 386 1056 divulgata
414 982 465 1035 est
487 971 651 1055 Pegasum
681 969 817 1035 fontium
848 970 1054 1057 quorundam
1083 981 1250 1035 auctorem
1279 969 1391 1034 fuisse.

218 1078 347 1160 Quibus
366 1102 439 1144 cum
456 1077 576 1144 fabulis
592 1077 703 1162 Gorgo
719 1077 816 1160 male,
834 1078 980 1165 nympha
993 1080 1114 1163 optime
1133 1076 1350 1142 conveniebat
1359 1079 1391 1157 ¹).

218 1187 311 1268 Quae
336 1187 470 1274 quidem
498 1187 635 1270 Pegasis
671 1188 837 1250 nominata
861 1196 921 1268 est,
958 1194 993 1250 ut
1017 1186 1113 1249 etiam
1137 1208 1257 1250 nomen
1282 1186 1391 1270 stirpis

218 1293 445 1379 explicaretur.

308 1420 338 1485 2.
362 1419 478 1504 Neque
501 1428 614 1483 tamen
636 1418 757 1482 nudam
781 1417 1020 1504 genealogiam,
1046 1439 1160 1480 verum
1187 1419 1283 1481 etiam
1299 1416 1393 1503 plura

218 1527 259 1590 de
284 1527 442 1592 Medusae
468 1548 661 1612 compressu
684 1528 883 1612 accepimus.

307 1634 378 1698 Iam
423 1634 623 1698 Hesiodus
669 1633 845 1698 humanam
890 1636 1034 1719 speciem
1072 1634 1185 1696 matris
1225 1632 1394 1717 Pegaseae

219 1742 343 1806 animo
357 1743 553 1827 concepit,
567 1764 633 1805 non
646 1741 768 1805 diserte
783 1740 926 1827 quidem,
941 1741 1047 1804 sedin
1060 1739 1393 1804 enumerandaPhor-

220 1872 299 1935 cycs
314 1848 482 1936 Cetusque
494 1850 586 1935 prole
600 1848 739 1935 (Theog.
750 1850 816 1915 270
829 1848 892 1935 sq.)
908 1872 948 1913 ea
963 1850 1088 1913 ratione
1102 1870 1194 1931 usus,
1213 1857 1248 1910 ut
1260 1870 1279 1910 a
1292 1849 1393 1933 stirpe

220 1958 373 2039 humana,
399 1956 518 2023 Graeis
544 1957 587 2041 (v.
613 1956 802 2041 ato-273)
827 1967 860 2020 et
884 1954 1106 2042 Gorgonibus,
1136 1977 1232 2018 orsus
1257 1953 1298 2018 ud
1328 1978 1394 2018 am-

220 2064 337 2149 biguas
362 2064 528 2129 hominum
566 2072 598 2127 et
626 2062 797 2128 beluarum
826 2064 958 2149 formas,
991 2062 1181 2149 Geryonem
1218 2070 1250 2126 et
1273 2061 1393 2126 Echid·
1458 2129 1463 2140 ,

219 2194 305 2254 nam,
319 2171 580 2258 progrederetur,
600 2170 718 2257 quibus
731 2169 838 2235 ferina
854 2193 1002 2258 corpora,
1017 2169 1183 2248 Orthrum,
1199 2168 1392 2252 Cerberum,

220 2278 378 2365 Hydram,
397 2277 617 2361 Chimaeram,
632 2278 821 2365 Sphingem,
840 2279 969 2343 leonem
986 2279 1187 2343 Nemeaeum
1204 2277 1395 2342 draconem-

221 2409 284 2472 que
308 2385 393 2450 mala
417 2408 517 2450 aurea
541 2385 779 2450 custodientem
797 2386 974 2451 subiunxit.
1022 2384 1130 2474 Atque
1156 2388 1253 2450 etiam
1276 2387 1395 2449 ceteris

220 2491 400 2557 litterarum
433 2495 628 2558 testimoniis
662 2494 833 2569 Medusae,
862 2492 952 2559 nulla
984 2496 1048 2559 nisi
1081 2494 1224 2558 humana
1266 2495 1396 2580 species

220 2598 379 2666 tribuitur.
424 2584 535 2687 Atque
559 2600 755 2668 Aristoteles
779 2600 856 2689 (frg.
883 2602 946 2666 172
970 2602 1056 2667 Rcse
1082 2601 1133 2666 ed.
1150 2601 1338 2685 Teubner.)
1362 2599 1397 2665 id

219 2711 329 2794 ipsum
353 2710 488 2772 miratus
517 2718 577 2792 est,
608 2709 696 2795 quod
730 2732 747 2772 e
777 2711 928 2796 coniugio
953 2711 1123 2774 numinum
1147 2707 1286 2774 duorum
1310 2730 1394 2794 quae

221 2828 358 2902 utraque
384 2816 527 2881 humana
551 2819 662 2902 specie
687 2817 837 2902 praedita
860 2818 990 2900 fuerint,
1017 2839 1121 2903 equus
1146 2816 1312 2902 prodierit.

310 2923 425 3009 Neque
450 2926 559 2987 minus
589 2926 686 2988 artis
712 2947 831 3010 opera
858 2924 1035 2989 humanam
1059 2923 1225 3008 Gorgonis
1257 2924 1397 2987 formam

222 3031 407 3095 ostendunt.
471 3032 538 3096 Sed
573 3054 673 3096 unum
713 3032 811 3117 idque
853 3034 1085 3117 gravissimum
1126 3040 1301 3118 exceptum
1335 3040 1396 3094 est.

221 3139 330 3224 Atque
365 3138 428 3202 hoc
469 3137 566 3202 simul
602 3162 676 3203 cum
717 3138 789 3203 aliis
825 3139 1022 3225 quibusdam
1055 3140 1184 3203 indiciis
1219 3136 1396 3202 verisimile

222 3246 315 3310 reddi
338 3256 446 3332 potest
471 3248 503 3310 in
527 3247 633 3333 prima
656 3244 786 3310 fabulae
811 3246 917 3310 forma
939 3247 1059 3331 Pegasi
1087 3256 1225 3310 matrem
1254 3245 1396 3310 hominis

221 3352 334 3417 habitu
358 3376 424 3418 non
448 3352 594 3417 indutam
619 3354 730 3418 fuisse.

311 3459 398 3526 lllud
414 3470 523 3524 autem
540 3483 622 3547 opus
647 3460 910 3548 anaglyphum
936 3462 1114 3547 amphorae
1139 3464 1245 3526 musei
1268 3462 1396 3547 Lupo-

222 3572 329 3632 rensis
355 3569 438 3651 est2)
462 3578 537 3633 ante
561 3569 622 3633 hos
648 3579 714 3633 tres
739 3591 842 3634 annos
859 3593 962 3656 prope
980 3569 1113 3635 Thebas
1130 3572 1294 3653 inventae,
1312 3592 1396 3656 quae

223 3676 338 3741 Vlla.
366 3676 441 3742 Chr.
469 3676 602 3742 saeculo
627 3676 835 3741 attribuenda
860 3679 963 3762 ertu).
1010 3679 1048 3742 ln
1073 3700 1137 3763 quo
1161 3677 1304 3741 Perseus
1329 3675 1397 3740 Me·

224 3784 328 3848 dusae
353 3793 451 3870 caput
475 3807 555 3848 ense
580 3783 772 3848 abscisurus
798 3795 857 3850 est.
904 3786 978 3850 Hoc
1003 3808 1082 3850 sane
1111 3795 1143 3849 et
1170 3783 1297 3871 reliqua
1327 3808 1397 3849 cor-

223 3893 312 3978 poris
343 3894 520 3978 superioris
552 3915 629 3979 pars
657 3892 800 3957 humana
835 3896 947 3979 specie
983 3894 1096 3958 induta
1125 3902 1183 3958 est.
1231 3893 1397 3980 Equinum

223 4009 332 4064 autem
357 4023 478 4087 corpus
497 4000 735 4066 Centaurorum
753 4000 855 4065 instar
872 4001 1019 4065 additum
1044 4012 1102 4066 est.
1150 4001 1258 4087 Atque
1283 4002 1396 4066 eadem

314 4180 334 4247 ¹)
356 4177 395 4232 Cf.
416 4177 528 4232 Cornut.
553 4178 637 4232 theol.
658 4178 757 4233 Graec.
778 4179 925 4247 compend.
946 4195 969 4232 e.
989 4179 1032 4247 22,
1063 4178 1110 4246 qui
1138 4178 1303 4231 relationem
1328 4194 1398 4245 qnee

224 4266 298 4330 inter
317 4267 480 4336 Neptunum
499 4270 528 4321 et
547 4269 687 4338 nymphae
707 4266 901 4337 Pagasumque
922 4270 973 4335 est,
993 4267 1108 4321 indicat.

315 4358 336 4423 ²)
356 4357 385 4410 C.
408 4358 437 4410 A.
457 4356 523 4421 7953
552 4357 594 4410 ed.
615 4358 650 4410 de
670 4357 784 4427 Ridder,
809 4357 881 4411 Bnll.
902 4358 937 4410 de
957 4375 1079 4426 corresp.
1098 4357 1199 4412 hellen.
1218 4357 1285 4411 XXI
1305 4355 1400 4419 ‹1898›

225 4446 261 4514 pl.
281 4445 402 4510 IV—V3·
414 4446 447 4499 cf.
468 4446 535 4500 ibid.
555 4465 582 4516 p.
601 4447 655 4499 448
674 4465 714 4515 sq.

316 4535 336 4597 ³)
355 4534 423 4589 ibid.
442 4553 470 4604 p,
489 4535 550 4589 455.

1206 4627 1238 4677 l&
