3334 5042
668 414 887 479 ..21-

197 611 319 675 Η11110
361 617 490 677 auctore
528 611 601 676 huic
644 613 735 694 signo
778 610 915 676 ferentes
953 607 1076 672 inducit
1115 604 1154 691 (Z
1193 606 1356 685 86-101,

197 717 397 802 soe—311).
443 718 534 796 Quod
559 718 762 782 simulacrum
785 740 804 781 a
827 720 923 801 poeta
944 716 1054 779 sedens
1077 713 1222 800 fingitur:

353 821 423 909 ηδ’
445 821 508 910 άρα
532 822 641 886 πέπλον
664 822 773 886 ἑλοῦσα
801 822 906 886 θεανὼ
929 820 1131 906 καλλιπάρῃος

354 930 445 1017 θῆκεν
464 927 618 1016 Ἀθηναίης
644 928 692 992 ἐπὶ
714 928 853 1011 γούνασιν
876 927 1017 1016 ἠυκόμοιο
1040 925 1193 1012 (30211.)

628 1124 648 1214 ξ
673 1129 702 1191 2.
727 1127 920 1193 Α111111111.

282 1250 342 1316 Sed
355 1254 421 1336 jam
433 1253 696 1338 apudArotinum
711 1272 795 1317 nova
808 1254 940 1337 apparet
955 1248 1072 1326 fabula,
1090 1283 1130 1294 —
1148 1251 1259 1333 raptus
1271 1246 1352 1312 dieo.
1417 1241 1420 1245 ’

282 1357 344 1423 Res
368 1359 515 1424 aProclo
532 1360 737 1443 grammatico
760 1379 825 1422 non
847 1357 995 1434 refertur,
1020 1376 1092 1420 cum
1114 1355 1148 1419 in
1175 1376 1213 1419 aa
1229 1353 1353 1419 Arctini

191 1466 347 1549 poematis
370 1470 458 1549 parts
481 1469 612 1530 narrata
633 1465 741 1543 fuerit,
766 1485 848 1548 quae
870 1465 904 1529 in
926 1462 1006 1548 cycli
1029 1461 1134 1526 Troici
1156 1463 1353 1548 argumentis

192 1572 410 1636 coordinandis
444 1595 463 1636 a
495 1573 710 1655 grammaticis
747 1571 1015 1659 supprimebatur
1036 1573 1073 1633 ut
1103 1567 1242 1633 Lesehae
1276 1566 1353 1632 Ilias

190 1700 288 1762 parva
310 1679 509 1743 insereretur.
542 1678 602 1745 Sed
626 1682 739 1763 poetae
763 1679 818 1763 qui
833 1683 965 1743 vocatur
981 1677 1092 1762 cyclici
1107 1674 1247 1740 narratio
1260 1674 1353 1739 nobis

190 1786 274 1867 apud
298 1786 483 1871 Dionysium
505 1785 789 1851 Halicarnaacaeem
817 1782 926 1870 (1-69)
952 1788 1077 1849 servata
1104 1787 1166 1847 est:
1202 1769 1356 1866 Ἀριιτῖνυτ

191 1887 227 1951 δέ
249 1912 322 1975 φησι
345 1889 401 1953 ὑπὸ
426 1890 495 1964 Διὸς
515 1890 641 1978 δοθῆναι
665 1889 816 1977 Δαρδάνῳ
840 1889 1010 1971 Παλλέιδιυν
1028 1887 1066 1959 ,ἓν
1094 1889 1143 1952 καὶ
1165 1885 1240 1950 εἶναι
1263 1888 1350 1950 τοῦτο

190 1992 222 2084 ἐφ
255 1993 333 2081 Ἰλίιρ
365 1994 442 2065 τέως
472 1997 491 2083 η
527 1996 607 2065 πόλις
637 1995 772 2084 ηλίσκετυ
806 1997 1006 2083 κεκρυμμένον
1034 1995 1066 2057 ἐν
1094 1994 1216 2078 ἀβάτῳ·
1249 1990 1350 2083 aladen

189 2099 217 2163 δ
240 2099 352 2187 ἐκείνου
386 2103 661 2190 κατεσκευασμένην
694 2104 740 2173 ὡς
763 2102 861 2191 μηδὲν
901 2108 955 2191 τῆς
989 2100 1162 2189 ἀρχετύπου
1196 2084 1349 2185 διαφέρειν

189 2206 307 2296 ἀπάτης
333 2212 392 2271 τῶν
421 2206 672 2291 ἐπιβουλευόντων
701 2208 803 2273 ἕνεκεν
830 2208 863 2272 ἐν
887 2211 1013 2295 φανερῷ
1037 2208 1158 2295 τεθῆναι
1184 2208 1233 2270 καὶ
1255 2204 1348 2294 αὐτὴν

186 2304 619 2407 Ἀχαιιηδςέπιβυυλεύσανταζ
637 2315 749 2398 λαβεῖν.
845 2302 888 2309 -.
935 2308 942 2310 ⁷
981 2300 986 2307 ⁵

220 2406 223 2409 ¹
276 2422 361 2486 Illud
377 2423 515 2508 primum
537 2423 571 2487 in
593 2424 655 2488 hac
670 2424 852 2489 narratione
868 2422 1100 2507 respiciendum
1124 2428 1180 2499 est,
1201 2422 1271 2506 jam
1285 2420 1349 2486 illis

188 2527 386 2614 temporibus
401 2530 520 2614 aliquid
533 2531 605 2595 miri
616 2532 707 2615 signo
719 2531 882 2596 Minervae
905 2530 1059 2616 Trojanae
1081 2530 1165 2615 apud
1179 2529 1348 2594 Arctinum
1374 2534 1379 2543 '

187 2641 433 2701 commemorato
457 2636 643 2715 adhaesisse,
669 2639 787 2723 quippe
810 2638 896 2723 quod
919 2638 1020 2721 primo
1044 2636 1253 2721 Trojanorum
1280 2636 1347 2721 regi

184 2765 203 2806 a
226 2742 302 2808 Iove
329 2743 438 2807 datum
462 2744 557 2810 luerit
579 2746 759 2830 pignusque
783 2744 908 2829 imperii
928 2745 1034 2828 aliquo
1057 2743 1151 2808 modo
1174 2740 1347 2808 haberetur

185 2872 257 2914 cum
279 2855 347 2914 tam
369 2851 503 2917 sollicite
526 2853 559 2915 in
583 2853 695 2917 intimo
718 2852 797 2917 arcis
819 2852 939 2936 templo
963 2851 1185 2917 custodiretur.

271 2957 333 3022 Sed
355 2978 439 3021 nunc
458 2958 525 3040 jam
548 2960 711 3042 quaeritur
733 2981 797 3043 quo
831 2959 910 3035 illud
934 2960 1061 3043 signum
1083 2956 1345 3042 pretiosissimum

182 3064 368 3144 pervenerit.
406 3101 445 3110 —-
471 3065 587 3149 Trojae
621 3066 780 3144 remansit,
815 3066 922 3150 inquit
950 3064 1129 3150 Dionysius,
1163 3064 1196 3127 in
1230 3063 1344 3128 intimo
1469 3148 1470 3151 Ἴ

184 3170 340 3250 penetrali
364 3171 439 3234 dum
461 3172 539 3235 urbs
567 3177 752 3258 expugnata
775 3178 832 3238 est.
879 3172 919 3236 In
947 3172 1007 3237 hac
1030 3174 1099 3256 ipsa
1120 3176 1228 3234 autem
1254 3170 1344 3234 urbis

185 3277 420 3360 expugnatione
444 3277 535 3356 Aiax,
559 3279 651 3342 utin
677 3279 782 3343 Procli
804 3279 941 3363 epitome
967 3279 1109 3362 legimus,
1134 3275 1342 3341 Cassandram

185 3383 225 3446 ab
241 3383 396 3447 altaribus
413 3384 561 3458 avellens,
583 3383 796 3468 συνεφέλκεται
812 3385 845 3446 τὸ
869 3389 921 3473 τῆς
935 3384 1053 3470 Αθηνᾶς
1066 3381 1182 3453 ξόανον.
1227 3382 1342 3449 Nonne

181 3493 426 3555 consentaneum
461 3495 510 3556 est
532 3488 640 3562 ξόανον
662 3492 739 3556 illud
763 3493 886 3556 nullum
909 3492 998 3557 aliud
1033 3513 1099 3555 esse
1132 3491 1193 3554 nisi
1214 3490 1341 3575 signum

180 3595 266 3679 quod
289 3593 459 3658 Παλλάδιον
483 3619 503 3662 1
525 3597 679 3683 Dionysio
704 3601 858 3665 vocatur?
903 3599 984 3677 Quid
1018 3603 1126 3662 autem
1161 3619 1197 3662 eo
1231 3602 1341 3681 postea

179 3700 299 3767 factum
321 3702 372 3781 sit,
396 3707 504 3768 utrum
529 3725 549 3769 a
572 3704 700 3770 Graecis
723 3727 787 3769 una
809 3726 881 3770 oum
903 3706 1021 3790 praeda
1046 3706 1189 3770 ablatum
1204 3727 1245 3769 an
1261 3703 1339 3769 Tro·

175 3806 258 3889 janis
282 3816 501 3876 conservatum
523 3812 632 3890 fuerit,
658 3812 719 3876 dici
743 3833 807 3876 non
829 3816 945 3897 potest.

268 3914 327 3980 Sed
351 3917 447 4003 etiam
472 3919 609 3983 alterum
632 3920 670 3983 de
687 3916 827 3984 Palladio
851 3921 934 4003 apud
959 3919 1126 3985 Arotinum
1150 3939 1338 3983 commemo·

176 4025 247 4086 rato
271 4023 423 4106 conjicere
446 4023 529 4090 licet.
577 4025 757 4090 Secundum
781 4026 867 4090 enim
889 4027 1101 4103 traditionem,
1131 4028 1220 4109 cujus
1243 4025 1338 4090 vesti-

177 4127 228 4210 gia
250 4150 325 4194 sane
347 4131 485 4214 primum
508 4133 592 4215 apud
606 4130 796 4217 Dionysium
819 4132 890 4197 Hal.
904 4133 995 4198 nobis
1011 4137 1191 4212 occurrunt,
1209 4140 1337 4198 unume

176 4233 324 4300 Palladiis
347 4234 434 4322 (nam
457 4239 519 4303 duo
542 4240 639 4306 fuisse
662 4241 826 4324 dicuntur)
849 4238 890 4305 ab
916 4243 1024 4333 densa
1046 4262 1084 4304 ex
1107 4243 1185 4310 urbs
1207 4240 1338 4308 incensa
