3334 5042
672 487 720 517 ..Δ
760 451 802 515 53
848 487 891 498 ..

200 645 316 711 indicet
348 647 403 710 ubi
437 649 503 710 stet
531 646 708 711 Palladium
748 668 874 730 quoque
907 647 1000 711 modo
1032 646 1149 710 auferri
1185 646 1296 730 possit.
1319 682 1362 693 —

200 752 330 817 Abeunt
353 753 467 818 deiude
489 752 609 830 heroes,
633 758 670 817 ut
684 753 810 838 signum
832 776 871 817 ex
894 774 965 817 arce
981 752 1117 836 rapiant.
1165 753 1240 818 Mox
1255 758 1362 816 tamen

198 861 332 924 redeunt
354 864 451 943 atque
476 882 547 924 curn
572 859 752 924 Palladium
770 859 939 925 Diomedes
962 862 1070 924 teneat
1093 860 1238 942 sequitur
1255 859 1362 924 Vlixes

199 967 345 1030 comitem
371 965 571 1030 vehementer
592 967 768 1049 increpans.
815 965 986 1043 Quaerenti
1014 965 1151 1031 Helenae
1179 965 1259 1030 alter
1286 967 1363 1048 quid
1389 1002 1394 1039 ι

199 1074 347 1138 acciderit
369 1076 481 1137 narrat
496 1068 601 1157 (cujus
618 1073 745 1156 quidem
764 1072 954 1136 narrationis
969 1077 1193 1154 argumentum
1208 1073 1362 1157 amphora
1393 1086 1395 1128 2

198 1181 256 1243 sub
280 1202 331 1246 no.
357 1182 375 1245 5
405 1178 568 1262 descripta
596 1178 743 1244 exhihere
771 1174 944 1260 videtur¹):
987 1178 1133 1243 Diomedi
1159 1180 1362 1264 praecedenti
1390 1194 1392 1203 ’

200 1286 331 1352 Theano
360 1287 392 1350 vi
419 1290 474 1349 aut
497 1284 644 1368 precibus
670 1290 758 1350 mota
785 1285 870 1350 fores
899 1285 1010 1370 templi
1038 1285 1173 1370 aperuit,
1206 1286 1262 1369 qui
1289 1307 1360 1351 cunr
1387 1250 1392 1323 i

197 1396 285 1478 prior
306 1394 338 1456 in
362 1392 514 1477 templum
538 1393 752 1475 penetraverit
780 1392 1049 1473 simulacrumque
1071 1391 1234 1456 sustulerit
1268 1366 1387 1457 suurnl

199 1498 376 1563 Palladium
412 1519 480 1563 esse
514 1498 686 1564 contendit.
743 1498 854 1563 Vlixes
896 1504 1007 1562 contra
1046 1518 1126 1584 quae
1161 1499 1362 1583 praestiterit

166 1648 168 1651 ψ
200 1604 304 1670 verbis
321 1606 411 1669 effert
426 1610 522 1688 atque
538 1606 661 1670 videtur
677 1606 838 1670 altercatio
854 1605 939 1669 inter
954 1606 1033 1668 duos
1044 1604 1155 1669 heroes
1171 1604 1210 1668 de
1226 1604 1360 1669 Palladii

196 1713 391 1797 possessione
415 1718 484 1776 orta
507 1708 622 1795 esse²).
669 1711 796 1776 Etenim
818 1713 851 1775 in
867 1711 994 1796 pictura
1008 1710 1202 1795 Pompejana
1224 1708 1272 1798 (in
1296 1734 1358 1796 qua

198 1819 353 1904 posterius
375 1824 569 1883 momentum
593 1818 736 1882 effictum
760 1814 820 1903 est)
851 1817 1029 1882 Palladium
1056 1839 1120 1882 non
1142 1818 1211 1902 jam
1239 1819 1358 1883 aDio·

198 1926 285 1989 mede
301 1927 355 1990 sed
371 1927 411 1990 ab
424 1923 518 1989 Vlixe
540 1923 650 2004 fertur,
677 1946 772 2008 quern
795 1924 827 1988 in
851 1924 1050 1989 contentione
1064 1945 1230 2009 superasse
1245 1947 1284 1989 ex
1298 1925 1359 1990 hoc

197 2031 358 2097 concludo.
431 2031 598 2096 Poteratne
636 2037 742 2096 tamen
777 2035 877 2115 poeta
910 2030 1040 2094 discidia
1073 2027 1180 2096 alteris
1213 2032 1358 2115 partibus

197 2139 324 2203 devictis
347 2140 542 2202 terminare?
579 2138 709 2203 Poterat
741 2136 904 2202 Diomedis
927 2136 1003 2219 jura
1029 2139 1073 2202 sic
1096 2142 1262 2221 spernere?
1297 2137 1357 2203 Sed

196 2265 299 2327 neque
323 2245 488 2309 verisimile
517 2245 640 2309 videtur
673 2243 799 2309 fabulas
826 2242 1038 2309 Athenienses
1072 2246 1245 2309 secundum
1278 2266 1357 2328 quas

197 2351 369 2416 Palladium
392 2353 425 2414 iu
449 2349 680 2435 Demophontis
704 2371 818 2415 manus
843 2351 981 2415 venisset
1003 2373 1023 2414 a
1050 2349 1206 2434 Sophocle
1229 2372 1357 2435 prorsus

195 2458 353 2544 neglectas
387 2457 495 2521 fuisse.
547 2457 590 2522 Et
616 2479 667 2522 eas
695 2458 801 2541 aliquo
832 2458 925 2522 modo
955 2459 994 2523 ab
1018 2479 1055 2522 eo
1078 2464 1234 2540 respectas
1258 2458 1358 2523 fuisse

195 2566 329 2630 fortasse
352 2583 391 2629 ex
414 2585 451 2627 eo
474 2564 626 2648 conjicere
650 2564 725 2628 licet
741 2565 825 2649 quod
841 2563 971 2642 Aethra,
997 2563 1227 2648 Demophontis
1243 2571 1357 2643 mater,

194 2673 226 2735 in
243 2673 334 2757 signo
357 2670 511 2755 rapiendo
527 2675 635 2754 partes
651 2673 797 2754 suscepit,
814 2672 972 2754 siquidem
986 2672 1130 2756 picturae
1145 2670 1357 2755 Pompejanae

195 2778 271 2842 fides
309 2778 453 2842 habenda
492 2782 549 2842 est.
618 2777 780 2853 Quadrant
818 2799 901 2861 quae
939 2801 957 2841 a
996 2778 1146 2862 Dionysio
1187 2778 1357 2842 traduntur

195 2884 256 2968 (ap.
286 2881 383 2948 Clem.
411 2884 500 2947 Alex.
529 2882 631 2949 Protr.
660 2883 708 2948 IV
735 2885 806 2960 47):
842 2882 875 2945 τὸ
910 2880 1078 2947 Παλλάδιον
1104 2929 1112 2944 .
1136 2930 1144 2945 .
1171 2883 1192 2944 ὅ
1214 2882 1293 2946 ιλιι
1319 2882 1356 2946 ’0.

194 2991 375 3075 ἱστοροῦνται
392 2990 449 3074 μὲν
473 2987 639 3077 ὑφελέσθαι
654 2990 711 3053 ὑπὸ
727 2987 817 3066 Ἰλίου,
834 2986 1104 3076 παρακαταθέσθαι
1119 2988 1154 3051 δὲ
1172 2988 1357 3076 Δημοφῶντι.

193 3095 370 3161 Palladium
393 3097 493 3182 igitur
517 3099 564 3162 ita
586 3104 714 3162 tantum
737 3096 777 3161 ab
790 3098 885 3163 Vlixe
909 3102 1075 3181 acceptum
1090 3094 1187 3159 fnisse
1202 3097 1354 3180 suspicor,

192 3210 229 3271 ut
244 3203 458 3288 Demophonti
480 3210 589 3289 postea
604 3204 784 3269 traderetur
799 3210 896 3288 atque
911 3206 1183 3288 transportaretur
1201 3203 1354 3268 Athenas·
1399 3268 1402 3312 ἱ

280 3416 458 3480 Palladium
474 3421 602 3501 raptum
617 3423 679 3495 est3
695 3417 729 3480 in
746 3438 782 3482 eo
799 3420 850 3481 est
866 3414 1171 3493 utheroesabeant3
1185 3416 1356 3481 -chorus

191 3524 293 3588 laetus
321 3522 448 3606 Trojam
477 3524 625 3607 perniciei
659 3524 807 3588 devotam
841 3544 905 3587 esse
938 3524 1108 3607 praedicat.
1156 3522 1239 3588 Illud
1274 3526 1356 3587 enim

192 3630 380 3715 Sophoclem
413 3630 542 3695 omnino
577 3631 609 3694 in
642 3630 702 3695 hac
734 3629 845 3695 fabula
878 3630 941 3695 sibi
985 3630 1185 3714 proposuisse
1218 3628 1355 3708 videtur,

262 3842 281 3910 ¹)
300 3839 411 3910 Saepius
429 3841 455 3895 in
474 3839 589 3896 vasculis
608 3857 640 3895 ea
658 3840 817 3895 exhibentur
835 3856 905 3912 quae
928 3841 958 3896 in
975 3840 1120 3913 tragoediis
1137 3840 1245 3894 nuntius
1265 3856 1355 3894 narra·

190 3930 236 3986 vit.
272 3928 330 3985 Vid.
348 3945 389 3984 ex.
408 3945 433 3999 g.
452 3928 526 3983 illarn
550 3931 706 4000 amphoram
732 3945 802 4000 quae
828 3929 939 3985 Medeae
961 3928 1079 3985 tabularu
1106 3928 1239 3999 depictam
1266 3929 1354 3983 habet.

190 4018 227 4073 W.
246 4017 406 4087 Vorlegebl.,
424 4018 453 4085 1.‚
471 4024 490 4072 t.
510 4018 568 4074 Xll.

260 4109 282 4177 ²)
300 4106 368 4161 Huic
385 4105 446 4162 loco
464 4106 617 4163 Welclrerus
641 4106 818 4178 fragmentum
840 4107 947 4163 fabulae
965 4108 1081 4163 incertae
1099 4105 1270 4162 inserendum
1287 4121 1348 4160 esse

189 4196 305 4266 conjecit
335 4196 362 4250 in
397 4210 450 4266 quo
476 4195 566 4251 Vlixes
595 4196 750 4251 Diomedem
778 4197 1009 4268 objurgationibus
1035 4196 1103 4268 petit
1129 4192 1257 4265 (Nauclr²
1284 4194 1346 4261 303,

6 4275 21 4298 ⁶
113 4306 116 4314 ¹
190 4283 310 4355 fg.731).
342 4283 448 4340 Rectim
466 4288 555 4340 tamen
568 4284 714 4340 Brunclrius
732 4286 759 4340 id
778 4286 812 4341 ad
832 4285 942 4358 Ἀχαιῶν
962 4287 1082 4358 σύλλογον
1105 4284 1229 4340 retulisse
1241 4282 1355 4338 ridetur.
