3334 5042
674 373 869 435 ..7-

189 578 247 635 est.
277 607 315 618 -
348 571 458 635 Altera
486 591 525 634 ex
555 572 648 655 parte
683 569 796 635 Vlixes·
830 564 1108 654 (ΟΔΕΥΣΣΕΥΣ)
1147 566 1349 652 conspicitur,
1425 584 1427 588 ⁴

188 696 317 762 corpore
333 678 509 760 graciliore,
528 683 559 742 et
577 679 603 740 is
619 677 785 762 chlamyde
801 681 872 740 tant
875 696 928 740 um
942 676 1090 746 indutue;
1112 674 1183 738 hest
1169 679 1205 738 ta
1219 670 1351 757 sinistra

187 785 315 849 innixus
338 785 413 848 dext
399 789 450 848 tra
472 782 646 868 gladium
637 805 670 847 ιιι
696 784 808 869 vagina
831 783 976 849 recondit
962 788 1030 847 tum
1054 785 1214 846 tenet.—
1234 779 1350 847 Restat

187 897 223 954 ιιι
209 891 414 956 tmulierem
438 890 650 955 nominemus.
700 888 866 975 leguntur
894 893 999 953 autem
1029 907 1127 972 supra
1157 888 1224 972 ejus
1253 891 1350 973 caput

186 999 311 1062 litterae
333 994 385 1059 ΕΛ
410 1047 416 1060 .
442 1046 449 1060 .
475 1047 482 1061 .
507 1016 684 1082 quaecum
709 999 741 1060 in
765 996 896 1060 dubium
914 995 1016 1060 vocari
1037 1015 1101 1059 non
1125 995 1248 1078 possint
1272 999 1349 1060 con·

185 1096 380 1187 firmentque
416 1104 445 1168 ei
474 1103 528 1186 qui
556 1103 701 1168 tabulam
729 1103 938 1186 inspexerunt
960 1101 1084 1166 nullam
1108 1102 1251 1167 litteram
1273 1107 1349 1167 ante

186 1208 324 1275 Estare
353 1207 534 1295 potuisse¹),
570 1231 685 1274 nomen
720 1210 809 1274 nullo
839 1209 902 1274 alio
925 1209 1030 1287 modo,
1066 1212 1222 1293 quantum
1246 1208 1348 1315 video,

184 1317 309 1382 restitui
333 1321 440 1401 potest
462 1315 523 1379 nisi
546 1312 690 1380 ΕΛΕΝΑ

273 1422 364 1502 Quod
387 1423 536 1508 exiguum
561 1427 778 1507 parapetasma
807 1445 903 1506 snpra
931 1427 1027 1506 capnt
1049 1419 1192 1487 Helenae
1215 1400 1347 1487 affixum

185 1536 241 1608 est,
267 1550 412 1612 quaeque
435 1529 519 1620 inter
547 1549 615 1593 eam
646 1535 678 1593 et
664 1529 886 1593 tDiomedem
911 1528 1103 1612 conspicitur
1127 1529 1277 1612 columna
1299 1526 1345 1615 (in

175 1657 249 1720 <qua
271 1636 450 1701 fortasse
425 1657 552 1755 signum
575 1636 684 1699 stabat
707 1631 884 1721 Minervae)
912 1633 1117 1718 comprobare
1143 1636 1291 1700 videntur
1313 1636 1346 1698 in

184 1745 276 1807 domo
300 1744 347 1808 vel
371 1749 427 1828 pot
429 1742 476 1806 ius
499 1741 533 1805 in
556 1742 674 1826 templo
697 1761 749 1806 res
772 1741 833 1825 agi.
902 1821 904 1823 ‚

272 1849 410 1914 Jahuius
433 1872 473 1913 an
475 1850 540 1914 tem
568 1848 765 1913 tabulamt
738 1852 784 1912 lta
812 1850 1042 1931 interpretatus
1072 1852 1128 1927 est,
1157 1854 1195 1912 ut
1224 1818 1348 1913 Helena

184 1958 288 2021 rixam
321 1977 401 2038 quae
436 1957 467 2019 iu
470 1961 521 2020 ter
554 1953 663 2019 heroes
702 1955 862 2019 exstiterit
895 1955 1006 2020 sedare
1045 1955 1132 2020 velit.
1191 1954 1346 2041 Attamen

184 2064 271 2127 nulla
294 2062 458 2128 contentio
482 2082 632 2145 expressa
655 2081 723 2126 esse
747 2060 824 2126 mihi
848 2060 984 2140 videtur,
1000 2083 1081 2153 cum
1104 2061 1225 2147 figurae
1248 2062 1347 2145 placi·

184 2170 312 2235 dissime
334 2175 455 2245 astent3
479 2174 576 2251 atque
599 2170 677 2253 puto
701 2168 857 2252 picturam
881 2168 1148 2253 interpretatione
1169 2190 1233 2232 nun
1250 2170 1347 2236 nimis

183 2277 388 2360 premendam
413 2297 482 2341 esse
495 2296 598 2360 neque
614 2275 785 2359 quicquam
809 2274 896 2339 aliud
921 2275 1073 2359 pictorem
1090 2276 1189 2358 egisse
1201 2284 1348 2365 quamut

183 2381 253 2447 illas
280 2405 429 2466 personas
464 2405 526 2446 una
561 2382 720 2467 pingeret,
756 2402 838 2468 quae
870 2383 904 2445 in
932 2380 1066 2447 Palladii
1101 2386 1197 2466 raptu
1225 2385 1346 2471 primae

183 2494 290 2573 partes
313 2491 445 2576 egerint.
495 2488 539 2553 Vt
562 2488 686 2553 facilius
710 2490 816 2552 autem
834 2487 1038 2573 intellegatur
1063 2488 1197 2553 Palladii
1220 2493 1345 2574 raptum

183 2595 322 2660 exhiheri
346 2596 441 2659 etiam
466 2596 568 2659 basim
591 2595 755 2660 simulacri
778 2595 906 2681 adjecit.

270 2700 360 2779 Quod
384 2723 457 2767 vero
481 2703 575 2785 hujus
598 2701 728 2767 tabulae
743 2702 865 2784 figurae
886 2701 996 2767 habitu
1013 2702 1193 2786 vestituque
1209 2703 1346 2769 maxime

183 2828 254 2874 cum
277 2809 389 2894 figuris
411 2810 628 2891 praecedentis
652 2807 825 2892 amphorae
848 2807 1044 2872 conveniunt
1067 2808 1230 2893 (respicias
1250 2811 1345 2875 uelim

183 2937 229 2984 ex.
253 2936 283 2999 g.
307 2915 360 2980 hic
384 2936 510 2999 quoque
527 2938 626 2980 unum
643 2913 768 2980 Vlixem
785 2914 879 2979 hasta
902 2936 967 2978 esse
982 2912 1218 2995 instructum)
1235 2919 1391 3034 magni

790 2996 927 3009 -ε--ν--κ

181 3024 334 3088 momenti
358 3028 415 3087 eut.

270 3126 465 3193 Confirmant
451 3134 505 3193 tur
539 3129 621 3192 enim
663 3130 721 3192 hac
755 3127 962 3192 similitudine
1000 3128 1131 3193 nomina
1165 3151 1246 3213 quae
1280 3130 1345 3195 illis

181 3235 396 3312 attribuimus,
410 3242 441 3299 et
453 3237 637 3319 praesertim
652 3236 813 3300 mulierem
826 3236 943 3317 regiam
954 3234 1111 3300 Helenam
1124 3235 1344 3320 appellandam

181 3361 250 3406 esse
272 3364 358 3406 nune
381 3339 549 3419 constat³).

252 3609 273 3675 ¹)
292 3605 350 3662 vid.
370 3606 450 3675 Jahn,
468 3606 489 3662 l:
506 3622 528 3663 c.
547 3606 607 3661 250.
628 3606 695 3662 Adn.
715 3608 740 3662 2.

253 3698 274 3764 ²)
292 3696 379 3751 Ambo
397 3697 492 3751 heroes
511 3696 605 3751 eodem
623 3695 717 3751 habitu
735 3698 971 3766 repraesentantur
988 3696 1016 3750 in
1033 3695 1137 3752 duobus
1150 3696 1261 3767 picturis
1273 3714 1344 3754 vase.

182 3799 251 3855 qnae
269 3782 427 3839 Doloneiam
446 3784 580 3852 exhibent,
598 3784 696 3839 Annali
715 3784 784 3840 1875
803 3788 821 3839 ι
842 3784 865 3852 Q
884 3785 953 3840 etR

251 3871 363 3940 3>Νιιιι1
392 3871 477 3927 dicam
505 3873 538 3928 de
566 3875 697 3944 amphora
723 3890 803 3944 quam
830 3873 944 3929 Jahnius
966 3873 1141 3930 Vasenbilder
1164 3874 1193 3929 ι’
1203 3875 1220 3930 3
1251 3874 1343 3943 edidit,

182 3976 241 4013 cum
259 3976 319 4015 eam
337 3960 370 4016 ad
389 3960 502 4017 Palladii
520 3964 626 4032 raptum
646 3979 698 4018 non
717 3963 876 4034 pertinere
865 3980 922 4034 Jam
940 3963 1008 4018 inter
1026 3962 1097 4019 viros
1115 3963 1211 4039 doctos
1229 3967 1342 4029 constet

181 4046 222 4103 Gt.
241 4048 361 4118 quaeda
380 4049 436 4104 eius
455 4051 752 4121 argumentohoertius
771 4052 890 4124 protulit,
909 4051 1007 4106 Annali
1027 4053 1103 4120 1881,
1122 4068 1147 4122 p
1170 4032 1236 4109 179.

1397 2874 1422 2921 d.

1482 3018 1488 3033 Ι

1403 3054 1442 3089 ιιι
1466 3056 1563 3101 'dlx-4
