3334 5042
834 402 966 477 ..jo
1009 449 1053 458 .-

362 612 520 686 ornatum,
551 609 584 672 in
607 609 697 693 cujus
719 613 809 692 parte
831 607 995 690 superiore
1018 611 1114 690 ceput
1130 606 1302 671 humanur'n
1326 605 1520 691 exsculptum

362 720 419 780 est.
444 751 487 761 —
510 714 547 779 ln
571 716 682 779 dextra
704 713 842 799 denique
856 712 985 779 tabulae
1000 718 1093 796 parte
1108 714 1222 777 mulier
1236 714 1349 791 adstet,
1378 711 1519 797 στεφάνῃ,
1624 702 1627 705 ’

358 822 483 899 monili,
519 820 654 886 armillis
682 824 803 899 ornate,
840 821 943 905 capite
972 820 1117 886 demisso.
1162 818 1306 903 Utraque
1338 839 1435 884 manu
1467 820 1519 882 ba-

358 929 468 993 culum
494 932 584 993 tenet
618 949 712 1011 quem
745 927 845 992 fecem
877 949 951 1004 esse,
980 925 1070 1010 cujus
1099 927 1257 991 interierit
1287 926 1415 990 flamma
1441 924 1520 988 flavo

361 1035 464 1100 colore
496 1034 590 1119 picta,
626 1034 795 1100 verisimile
819 1039 878 1098 est.
919 1033 1054 1098 >Etenim
1086 1036 1183 1098 noctu
1218 1055 1266 1097 res
1300 1032 1353 1117 agi
1387 1053 1405 1096 e
1432 1031 1520 1095 stella

360 1148 514 1227 parteque
535 1140 797 1206 iuferiore‘orbis
819 1139 916 1204 lunae
938 1146 1082 1225 apparet,
1107 1161 1188 1223 quee
1210 1140 1244 1204 in
1267 1161 1390 1203 summa
1412 1136 1520 1204 tabula
1628 1208 1634 1233 Ι,

236 1306 240 1315 .
360 1249 588 1334 adspiciuntur.

448 1354 567 1432 Quodsi
610 1374 695 1420 nunc
732 1353 772 1418 ad
814 1355 1112 1437 interpretationem
1157 1353 1361 1430 accedimus·
1393 1350 1520 1442 minime

361 1462 493 1526 dubium
518 1466 567 1527 est
601 1462 678 1546 quin
704 1459 873 1525 Diomedes
896 1466 928 1525 ct
943 1460 1051 1526 Vlixes
1074 1462 1138 1525 sint
1162 1459 1256 1523 ambo
1279 1459 1390 1523 heroes
1424 1461 1521 1541 atquc
1629 1447 1635 1466 ‘

282 1571 286 1579 '
361 1566 498 1632 Palladii
521 1574 633 1652 raptus
656 1566 782 1632 effictus
810 1567 862 1644 sit,
891 1569 1078 1649 praesertim
1113 1588 1184 1631 cum
1207 1567 1310 1649 pictor
1333 1568 1520 1649 tegumento

360 1673 501 1760 Phrygio
531 1673 705 1740 Minervam
731 1673 900 1756 Trojauam
930 1678 1040 1757 aperte
1069 1673 1289 1757 designaverit.
1336 1670 1520 1736 Plenissime

360 1782 521 1850 consentit
544 1786 707 1865 praeterea
725 1780 891 1864 utriusque
906 1780 1012 1844 herois
1027 1779 1155 1844 habitus
1168 1801 1240 1843 cunr
1256 1779 1370 1863 figuris
1387 1779 1521 1843 duarum

361 1888 589 1972 amphorarum
623 1906 722 1971 supra
756 1887 986 1970 descriptarum
1022 1885 1115 1970 (5.6).
1159 1885 1282 1950 Mulier
1313 1886 1403 1968 regio
1432 1885 1520 1948 cultu
1633 1946 1638 1965 ‚

360 1992 478 2060 ornata
508 1993 632 2058 Helena
663 1992 861 2057 nominanda
894 1997 951 2057 est.
981 2028 1020 2039 -
1050 1991 1113 2058 Sed
1141 1997 1179 2056 ut
1201 1992 1424 2056 similitudines
1446 1996 1521 2054 sunt

359 2121 504 2185 magnae,
542 2100 589 2163 ita
627 2099 798 2164 maximum
838 2099 1007 2164 discrimen
1040 2099 1210 2163 intercedit
1248 2098 1331 2162 inter
1369 2097 1451 2161 hanc
1489 2104 1521 2162 et
1568 2156 1571 2165 .

359 2207 429 2272 illas
457 2207 610 2292 picturas,
646 2206 729 2291 quod
758 2206 810 2271 hic
839 2208 902 2270 duo
928 2211 1003 2270 sunt
1029 2203 1183 2270 Palladia.
1229 2203 1299 2282 Qua
1325 2205 1359 2268 in
1387 2226 1420 2267 re
1448 2225 1519 2268 cum

358 2313 509 2379 Hieronis
524 2318 639 2396 patera
654 2314 815 2377 consentit
830 2314 910 2378 haec
925 2311 1043 2389 tabule,
1059 2317 1157 2396 atque
1168 2313 1237 2396 jam
1250 2311 1521 2376 confirmationem

358 2418 457 2487 habes
479 2422 655 2486 sententiae
677 2441 773 2504 supra
795 2420 950 2504 prolatae,
974 2418 1148 2492 ‚Diomedis
1171 2419 1297 2504 siguum
1334 2419 1368 2482 in
1395 2418 1522 2503 pictura

357 2527 509 2599 Hieronis
527 2527 649 2601 *falsum
672 2525 854 2592 habendum
878 2545 954 2590 esee.

449 2634 536 2710 Quae
559 2639 666 2699 autem
690 2655 728 2699 ea
751 2635 815 2699 sint
839 2653 921 2717 quae
935 2631 1075 2697 Minerva
1098 2631 1185 2695 Vlixi
1212 2631 1341 2697 mandet
1363 2632 1415 2697 hic
1439 2632 1521 2716 diju-

356 2741 456 2807 dicari
478 2763 540 2806 non
564 2745 681 2824 potest.

446 2953 569 3019 Saeculi
594 2953 683 3017 tertii
705 2975 831 3038 quoque
854 2957 902 3017 est

463 3131 493 3195 9.
527 3131 586 3194 Vas
608 3154 683 3194 mus.
708 3129 835 3215 Neapol.
863 3130 928 3204 179,
952 3131 1104 3215 impressis
1117 3130 1232 3213 siparis
1256 3141 1404 3193 mantum.

696 3250 752 3306 Vll.
771 3251 842 3307 Hali.
861 3251 961 3306 Wiuok.
980 3252 1070 3322 Progr.
1091 3254 1109 3306 t.
1128 3251 1180 3306 dd.

447 3378 493 3442 De
527 3378 589 3444 hoc
622 3400 768 3455 vasorum
797 3400 915 3463 genere
948 3401 984 3444 ec
1017 3384 1121 3444 aetate
1154 3379 1226 3444 vide
1255 3379 1522 3464 Heydemaunum

358 3483 485 3549 Wiuok.
511 3484 620 3569 Progr.
645 3483 717 3550 Vll.

446 3588 518 3655 Duo
561 3594 619 3657 viri
662 3591 830 3678 chlamyde
872 3593 979 3658 induti
1020 3594 1119 3661 citato
1156 3595 1257 3681 gradu
1301 3592 1522 3658 sinistrorsum
1637 3594 1640 3685 l

358 3697 508 3763 tendunt.
574 3699 605 3765 Is
649 3701 704 3785 qui
746 3701 908 3765 antecedit
954 3702 1104 3766 imberbis
1147 3705 1209 3782 est3
1257 3700 1390 3765 sinistra
1441 3721 1523 3783 quse
1637 3709 1640 3779 s

357 3805 523 3891 chlamyde
562 3807 761 3872 circumdate
800 3813 851 3872 est
890 3808 1093 3874 simulacrum
1132 3829 1195 3871 non
1234 3807 1329 3892 plane
1375 3810 1523 3871 accurate

355 3933 540 3996 expressum
573 3918 693 3996 portat.
751 3913 832 3991 Quid
869 3915 980 3978 dextra
1013 3919 1124 3979 teneat
1162 3937 1227 3977 nou
1266 3918 1401 3992 constat,
1447 3934 1522 3977 cum

357 4012 606 4104 Heydemannus
629 4019 759 4104 quidem
782 4022 933 4106 gladium,
969 4022 1144 4086 delineatur
1173 4021 1275 4087 fecem
1298 4042 1365 4086 esse
1387 4025 1522 4085 conten·

358 4126 450 4191 derit.
500 4125 670 4192 Rationem
704 4147 770 4209 qua
803 4132 954 4211 teneatur
988 4132 1173 4212 ceterasque
1213 4127 1523 4213 repraesentationes

359 4232 538 4322 respicienti
568 4234 670 4320 magis
699 4232 838 4320 placebit
860 4233 1083 4319 Heydamauni
1109 4236 1276 4301 sententia.
1306 4232 1524 4321 —Sequitur
