3334 5042
780 390 1002 455 ..72-

306 585 431 653 svera
454 586 575 663 uernae,
601 586 655 668 qu
680 587 720 653 aa
749 586 828 651 Aen·
852 588 1002 662 10145,
1027 567 1103 664 sto,
1127 586 1155 650 v
1180 587 1218 652 01
1246 589 1474 656 eandem-ra-

306 693 461 763 ditionem
495 693 649 776 respicere
684 693 820 768 videtur,
856 716 922 757 rem
957 695 990 756 in
1025 692 1178 758 Calabria
1210 695 1391 777 perfectam
1410 718 1475 760 esse

307 800 376 863 vult
400 784 562 865 Aeneidos
587 800 730 865 versibus
756 802 808 863 III
832 798 1007 865 oea-550
1038 800 1203 863 adductae.
1230 837 1269 846 —
1299 800 1475 885 Scriptores

306 906 479 990 Byzantini
496 905 649 989 denique
678 906 807 987 eandem
845 907 1050 971 traditionem
1086 911 1272 988 sequuntur,
1309 909 1374 992 qui,
1403 931 1474 972 cum

307 1012 510 1077 simulacrum
541 1011 741 1082 aDiomede
766 1012 894 1079 Aeneae
917 1013 1094 1077 Beneventi
1130 1012 1272 1103 oblatum
1309 1035 1374 1077 0000
1409 1018 1475 1077 tra-

308 1118 398 1196 dant,
423 1117 566 1203 singulas
590 1140 649 1195 100,
685 1121 723 1181 01
744 1119 858 1194 solent,
894 1119 1004 1183 multis
1028 1120 1132 1182 verbis
1155 1126 1306 1183 enarrant
1330 1117 1474 1206 (Procop.

308 1226 346 1289 de
361 1224 446 1289 bello
460 1221 553 1289 Goth.
567 1228 583 1287 Ι
599 1226 648 1301 15,
665 1225 774 1289 Malal.
793 1224 910 1290 (1111011.
929 1225 976 1288 VI
992 1250 1023 1309 p.
1040 1226 1101 1290 167
1126 1226 1174 1290 ed.
1188 1225 1305 1303 Bono,
1325 1225 1474 1312 Cadmea).

397 1432 511 1501 Versio
539 1438 640 1502 altera
664 1439 705 1502 ab
731 1461 793 1502 uno
818 1439 961 1512 Varrone,
987 1442 1142 1520 quantum
1167 1439 1242 1514 scio,
1272 1441 1390 1503 tradita
1414 1445 1474 1514 est3

309 1546 397 1628 cujus
432 1544 575 1609 narratio
597 1545 696 1613 ‚nobis
727 1568 745 1608 a
777 1544 886 1610 Servio
921 1549 1044 1609 servata
1070 1550 1135 1620 est,
1172 1546 1210 1617 ad
1241 1544 1318 1610 Aen.
1343 1548 1377 1608 ΙΙ
1403 1546 1474 1622 166,

308 1650 435 1716 111407
454 1648 505 1733 (π
519 1650 622 1735 Mytb.
638 1651 712 1716 Vat.
729 1654 821 1735 prim.
840 1653 886 1714 ed.
905 1651 967 1715 Mai
985 1649 1016 1715 II
1035 1648 1123 1735 142),
1143 1650 1170 1714 V
1188 1652 1262 1728 704,
1281 1674 1345 1733 quo
1362 1654 1475 1716 ultimo

309 1759 377 1822 loco
411 1758 578 1841 suscriptio
613 1758 731 1842 legitur
766 1758 859 1822 haec:
903 1758 1007 1839 »quod
1039 1758 1135 1822 etiarn
1175 1757 1278 1821 Varro
1314 1758 1406 1828 docet
1441 1760 1474 1821 in

308 1864 398 1929 libris
433 1885 511 1945 quos
546 1864 582 1929 de
603 1864 743 1950 ,familiis
773 1865 914 1951 Trojoais
948 1865 1103 1951 scripsit«
1153 1864 1252 1927 Servii
1289 1870 1473 1948 excerptum

303 1971 534 2053 amplissimum
559 1972 656 2037 affero
679 1970 727 2055 (II
753 1971 845 2052 liiiilz
878 1969 1078 2035 »Palladium
1108 1991 1179 2033 cunr
1210 1976 1324 2055 postea
1349 1972 1475 2035 Diome-

305 2078 360 2142 des
384 2077 519 2141 haberet
544 2125 550 2140 .
577 2126 584 2141 .
609 2125 617 2141 .
643 2079 726 2159 quod
751 2079 853 2144 Varro
873 2078 1051 2160 plenissime
1075 2078 1161 2153 dicit,
1186 2078 1318 2147 credens
1333 2078 1393 2141 sibi
1410 2100 1474 2141 non

304 2188 413 2269 aptum
438 2189 568 2268 propter
585 2204 641 2247 sua
658 2184 807 2266 pericula,
833 2185 949 2268 quibus
966 2205 1141 2265 numquam
1157 2184 1327 2247 cariturum
1345 2206 1475 2266 respon·

305 2292 347 2355 sis
371 2295 578 2375 cognoverat,
594 2290 664 2353 ,nisi
688 2289 834 2374 Trojanis
858 2289 1038 2361 Palladium
1065 2289 1263 2366 reddidisset,
1293 2291 1475 2355 transeunti

305 2418 362 2481 per
384 2395 563 2461 Calabriam
587 2396 716 2461 Aeneae
738 2397 854 2461 offerre
877 2404 1008 2462 conatus
1033 2402 1090 2461 est.
1150 2396 1209 2461 sed
1247 2418 1320 2461 cum
1354 2417 1387 2461 00
1422 2397 1476 2465 1110

305 2504 409 2568 velato
444 2503 547 2587 capite
581 2504 761 2567 sacrificans
795 2506 1013 2581 convertisset,
1043 2504 1166 2568 Nautes
1195 2501 1325 2584 quidam
1354 2503 1477 2585 accepit

305 2611 523 2675 simulacrum:
559 2611 653 2674 unde.
668 2609 827 2677 Minervae
851 2633 940 2675 sacra
963 2632 1027 2675 non
1052 2610 1140 2674 Julia
1164 2631 1241 2694 gens
1271 2609 1393 2686 habuit,
1423 2609 1475 2672 sed

304 2716 529 2783 Nautiorum«
544 2713 567 2801 ¹)

394 2823 501 2897 Primo
525 2831 656 2903 aspectu
677 2824 815 2906 suspicio
837 2824 940 2887 oritur
965 2823 1141 2892 Varronem
1163 2825 1356 2887 narrationis
1380 2824 1474 2886 finem

305 2930 390 2994 ultro
403 2931 646 2994 commutavisse
659 2933 756 3011 atque
773 2932 956 2995 etiamnunc
974 2935 1122 3014 apertum
1139 2930 1343 2994 videturesse
1360 2929 1475 3012 quibus

305 3037 344 3101 de
362 3039 462 3102 causis
486 3036 568 3100 hanc
593 3037 803 3101 mutationem
822 3038 1006 3120 susceperit.
1023 3084 1025 3088 ι
1042 3036 1122 3101 Cum
1140 3038 1224 3101 enim
1241 3038 1274 3099 in
1290 3037 1473 3119 Antiquita-

303 3144 390 3208 tibus
418 3144 516 3226 louge
549 3143 644 3207 aliam
681 3141 720 3206 de
746 3141 887 3207 Palladio
921 3142 961 3207 ab
999 3144 1111 3207 Aenea
1145 3144 1176 3205 in
1210 3143 1339 3210 Italiam
1375 3145 1475 3206 allato

304 3250 511 3315 traditionem
534 3252 661 3313 secutus
685 3254 777 3324 esset,
808 3270 1005 3332 quamquam
1035 3251 1097 3313 duo
1119 3250 1213 3334 signa
1242 3249 1336 3315 fuisse
1365 3251 1474 3314 existi·

304 3359 412 3431 mahat
456 3353 627 3441 (siquidem
675 3377 713 3418 ex
751 3356 903 3440 Dionysio
942 3355 1151 3439 colligimus),
1188 3359 1294 3446 ¹etiam
1335 3359 1474 3422 alterum

304 3464 345 3527 ab
384 3463 493 3528 eodem
531 3465 641 3527 Aenea
657 3524 659 3528 ,
674 3469 895 3544 recuperatum
930 3469 963 3526 et
999 3462 1133 3527 Romam
1167 3469 1371 3547 apportatum
1406 3485 1473 3527 esse

305 3586 434 3637 narrare
455 3571 508 3634 vix
531 3573 668 3652 poterat.
694 3608 733 3619 -
760 3568 821 3632 Sed
847 3571 944 3634 etiam
967 3570 1067 3632 altera
1092 3570 1255 3633 causaad
1279 3570 1363 3633 hanc
1378 3590 1474 3634 acce-

304 3676 479 3741 debat-
505 3674 697 3740 Nautiorum
727 3676 907 3758 antiquitus
935 3676 1145 3740 sacerdotium
1170 3676 1332 3741 Minervae
1355 3678 1474 3761 gentile

304 3789 381 3858 erat,
406 3788 504 3864 atque
519 3783 722 3846 simulacrum
744 3784 908 3848 habebant
931 3805 1064 3846 aeneum
1086 3782 1258 3860 Minervae,
1283 3784 1333 3846 cui
1358 3805 1473 3849 nornen

307 3891 387 3953 adea
429 3888 570 3953 Nautiar
611 3890 788 3953 adhaesisse
827 3891 953 3954 videtur
995 3888 1123 3974 (Festus
1160 3913 1189 3972 p.
1231 3891 1294 3954 166
1333 3888 1471 3972 Mulier).

304 3994 418 4060 Nautii
449 4000 557 4081 autem
580 4001 709 4080 gentem
744 4002 833 4059 suam
860 3992 1064 4058 clarissimam
1099 3995 1131 4056 in
1157 3996 1473 4087 illarompnumerum

377 4136 396 4202 ¹)
416 4133 500 4191 vano
513 4096 612 4195 ,eodem
631 4133 690 4189 1000
709 4138 865 4191 narraverat
883 4134 963 4189 etiam
975 4133 1108 4189 Anchisae
1119 4150 1194 4191 vossa
1215 4151 1268 4190 una
1280 4152 1340 4193 cum
1352 4136 1473 4193 Palladio

303 4225 411 4279 Aeneae
429 4239 447 4276 a
464 4221 594 4277 Diomede
611 4222 716 4277 reddita
735 4239 807 4278 esse:
827 4221 934 4277 Servius
953 4223 987 4277 IV
1005 4222 1066 4278 427.

1631 671 1641 703 1
