3334 5042
317 1134 520 1192 Monumenta
541 1135 582 1191 ad
605 1133 708 1192 Persei
731 1134 865 1192 fabulam
886 1133 1068 1208 pertinentia
1083 1132 1196 1208 primus
1212 1138 1360 1205 quantum

219 1235 282 1293 scio
317 1234 435 1311 collegit
469 1235 502 1295 C.
532 1234 569 1296 Ο.
591 1234 728 1311 Mueller,
767 1234 945 1294 Handbnch
978 1235 1034 1292 der
1056 1233 1277 1306 Archaeologie
1308 1232 1363 1290 der

218 1337 328 1404 Kunst,
348 1337 399 1411 qui
421 1336 461 1393 de
483 1335 593 1394 Danae
615 1336 679 1410 egit
703 1331 720 1411 ξ
742 1338 814 1405 351,
838 1339 866 1406 4,
889 1337 929 1394 de
951 1335 1063 1419 Perseo
1085 1331 1102 1411 ξ
1122 1337 1192 1404 414,
1215 1336 1243 1392 3.
1287 1331 1362 1390 Post

217 1438 299 1495 hunc
320 1445 439 1495 vastum
463 1446 494 1494 et
514 1438 748 1514 incompositum
762 1447 1032 1495 monumentorum
1049 1425 1190 1495 acervum
1206 1435 1362 1509 congessit

217 1539 305 1599 Birch
338 1539 369 1597 in
398 1540 553 1597 annalium
579 1540 766 1615 anglicorum
797 1541 849 1616 qui
881 1540 1084 1598 inscribuntur
1104 1530 1359 1611 ‘Archaeologia’

217 1642 273 1701 vol.
300 1642 338 1701 36
363 1660 393 1717 p.
416 1642 456 1701 58
472 1658 510 1699 ss.
554 1640 603 1699 De
635 1641 714 1699 vasis
744 1642 774 1698 in
807 1641 915 1718 quibus
947 1640 1072 1699 Perseus
1096 1639 1247 1697 Medusae
1269 1639 1361 1696 inter·

217 1743 315 1801 sector
334 1745 433 1819 pictus
455 1751 502 1802 est
523 1742 613 1801 solita
636 1742 791 1819 diligentia
810 1741 848 1802 Ο.
863 1742 942 1821 Jahn
957 1742 1018 1817 egit
1033 1742 1064 1798 in
1086 1739 1235 1812 Philologi
1250 1740 1307 1798 vol.
1321 1742 1359 1799 27

217 1841 258 1917 (a.
282 1837 378 1919 1868)
400 1842 440 1918 μ’
455 1847 472 1902 1
489 1861 529 1902 ss.
574 1844 804 1902 Andromedam
834 1844 993 1902 liberatam
1019 1859 1158 1900 seorsum
1192 1847 1362 1897 tractarunt

220 1944 255 2004 C.
279 1945 313 2002 F.
335 1945 493 2005 Hermann
512 1933 658 2004 ‘Perseus
692 1946 756 2003 und
778 1940 991 2003 Andromeda‘
1024 1942 1193 2016 Gottingae
1214 1959 1242 1999 a.
1267 1943 1359 2009 1851,

220 2046 488 2106 Raoul·Rochette
511 2048 613 2122 operis
643 2046 804 2123 magnifice
827 2046 927 2104 ornati
949 2046 1034 2120 quod
1053 2044 1226 2102 inscribitur
1244 2030 1360 2100 ‘Choix

212 2148 260 2207 ‚de
272 2148 427 2222 peintures
440 2149 480 2205 de
493 2142 629 2225 Pompei’
642 2148 788 2207 fasciculo
802 2156 941 2206 extremo
953 2165 981 2204 a.
996 2148 1076 2206 1857
1093 2146 1177 2203 edito
1195 2163 1224 2221 p.
1238 2146 1297 2205 301
1311 2162 1361 2215 ss„

216 2248 240 2304 F
248 2250 330 2306 edde
353 2249 569 2307 dissertatione
592 2251 632 2307 de
655 2248 769 2308 Perseo
792 2259 824 2307 et
848 2249 1048 2306 Andromeda
1070 2247 1204 2307 Berolini
1227 2265 1255 2305 a.
1280 2246 1361 2307 1860

220 2349 304 2408 edita
326 2368 354 2424 p.
379 2352 417 2410 39
434 2366 473 2409 ss.
518 2350 602 2409 Vasa
623 2352 707 2426 picta
729 2352 770 2410 ad
792 2350 1026 2410 Andromedam
1047 2348 1231 2425 pertinentia
1256 2348 1360 2406 denno

221 2452 344 2526 collegit
365 2452 402 2511 A.
417 2451 761 2527 TrendelenburgAnn.
788 2448 858 2510 dell'
881 2451 953 2511 Inst.
980 2451 1059 2510 1872
1082 2468 1112 2526 p.
1136 2449 1194 2510 108
1211 2467 1261 2518 ss,
1287 2466 1360 2506 ana·

220 2552 332 2629 glypha
361 2553 462 2612 fictilia
489 2552 694 2629 Heydemann
719 2555 743 2614 7.
775 2553 856 2614 Hall.
879 2552 1225 2628 Winclrelmannsprogr.
1250 2544 1360 2628 (1882)

219 2671 247 2728 p.
266 2655 284 2712 9
300 2671 339 2713 ss.
383 2653 432 2710 De
454 2653 580 2712 Danaes
609 2654 774 2714 simulacris
797 2653 958 2713 Overbeclc
988 2653 1053 2729 egit
1072 2652 1358 2728 Kunstmythologie

216 2755 273 2812 des
287 2755 365 2813 Zeus
378 2756 456 2815 1871
480 2773 508 2830 p.
522 2757 582 2815 406
600 2773 650 2824 ss,
674 2757 759 2814 cuius
778 2757 991 2815 collectionem
1006 2754 1109 2830 paullo
1123 2753 1206 2811 auxit
1221 2751 1358 2811 Schwarz

216 2857 434 2916 dissertatione
455 2858 495 2915 de
517 2858 621 2917 fabula
642 2858 782 2918 Danaeia
803 2860 916 2933 scripta
938 2857 1026 2914 Halis
1051 2855 1139 2916 1881.

314 2958 375 3031 Qui
397 2959 451 3016 viri
473 2960 564 3017 docti·
579 2977 764 3036 quamquam
787 2960 902 3036 optime
923 2974 1125 3034 quaecunque
1154 2956 1289 3013 invenire
1305 2972 1359 3030 po·

215 3069 339 3118 tuerunt
361 3069 559 3119 monumenta
587 3062 785 3136 collegerunt,
815 3070 918 3119 tamen
947 3061 1112 3135 pleraeque
1142 3057 1358 3115 collectionum

216 3163 331 3220 illarum
354 3161 448 3219 hodie
477 3163 639 3236 augendae
669 3173 749 3231 sunt,
782 3182 851 3222 cum
884 3161 1093 3237 unusquisque
1126 3176 1223 3216 annus
1263 3176 1360 3216 novas

216 3261 403 3337 antiquitatis
427 3264 569 3338 reliquias
591 3265 750 3339 producat.
794 3265 955 3323 Praeterea
978 3265 1067 3343 deest
1087 3262 1222 3320 omnium
1245 3276 1353 3318 monu-

215 3372 386 3421 mentorum
412 3365 560 3439 equibus
592 3368 749 3443 quomodo
777 3366 879 3424 Persei
912 3366 1045 3424 fabulam
1076 3363 1206 3423 artifices
1240 3371 1356 3421 veteres

216 3464 413 3523 tractaverint
442 3481 627 3542 cognoscere
656 3468 755 3541 possis
787 3468 936 3526 collectio.
982 3465 1090 3526 Talem
1123 3482 1248 3542 operam
1280 3465 1358 3522 subii

216 3566 302 3624 nixus
324 3565 454 3623 virorum
475 3565 591 3624 illorum
614 3568 774 3625 doctorum
795 3568 944 3643 operibus.

315 3666 378 3725 Sed
402 3685 470 3725 cum
498 3667 613 3726 maiore
644 3669 796 3727 volumine
826 3686 904 3745 opus
929 3680 1013 3728 esset
1042 3669 1083 3726 ad
1119 3668 1221 3726 omnia
1250 3686 1357 3726 monu-

216 3776 322 3826 menta
345 3779 489 3827 accurate
513 3770 715 3830 describenda
736 3788 774 3829 ac
794 3771 966 3848 tractanda,
992 3771 1066 3830 satis
1088 3771 1191 3839 habui,
1220 3770 1294 3847 quid
1328 3770 1359 3827 in

217 3887 340 3946 quoque
362 3881 561 3930 monumento
583 3874 785 3948 spectandum
798 3881 889 3948 esset,
912 3874 1017 3949 paucis
1041 3873 1140 3931 verbis
1159 3873 1359 3947 adumbrare3

217 3980 353 4029 ceterum
375 3973 416 4030 ad
433 3972 584 4031 editiones
600 3985 631 4032 et
649 3975 875 4050 descriptiones
890 3975 1021 4051 optimas
1038 3974 1177 4049 relegavi.
1213 3974 1248 4032 In
1263 3974 1359 4033 altera

217 4072 354 4148 opusculi
375 4082 463 4149 parte
487 4076 528 4132 de
550 4092 656 4133 eornm
677 4085 943 4134 monumentorum
965 4093 1044 4150 quae
1075 4075 1196 4133 maioris
1213 4076 1360 4134 moment'

217 4175 391 4233 viderentur
416 4192 485 4233 esse
507 4176 695 4253 temporibus
718 4186 783 4235 arte
806 4176 969 4235 artificibus
994 4177 1051 4252 egi.

317 4274 463 4350 Disposui
492 4286 689 4336 monumenta
724 4279 895 4337 secundnm
930 4278 1050 4337 fabulae
1081 4296 1201 4338 cursum
1238 4278 1360 4354 qualem

221 4376 444 4435 constituerunt
477 4378 689 4455 mytbographi
717 4380 849 4455 antiqui3
886 4397 978 4438 unum
1006 4381 1130 4453 mutavi,
1165 4381 1248 4455 quod
1272 4379 1360 4454 Poly·
