<?xml version="1.0" encoding="UTF-8"?>
<!DOCTYPE html PUBLIC "-//W3C//DTD XHTML 1.0 Transitional//EN"
    "http://www.w3.org/TR/xhtml1/DTD/xhtml1-transitional.dtd">
<html xmlns="http://www.w3.org/1999/xhtml" xml:lang="en" lang="en">
 <head>
  <title>
</title>
<meta http-equiv="Content-Type" content="text/html;charset=utf-8" />
  <meta name='ocr-system' content='tesseract 3.04.00' />
  <meta name='ocr-capabilities' content='ocr_page ocr_carea ocr_par ocr_line ocrx_word'/>
</head>
<body>
  <div class='ocr_page' id='page_1' title='image "./depalladiiraptu00chavgoog_0144.png"; bbox 0 0 3334 5042; ppageno 0'>
   <div class='ocr_carea' id='block_1_1' title="bbox 846 309 889 379">
    <p class='ocr_par' dir='ltr' id='par_1_1' title="bbox 846 309 889 379">
     <span class='ocr_line' id='line_1_1' title="bbox 846 309 889 379; baseline -0.023 0"><span class='ocrx_word' id='word_1_1' title='bbox 846 309 889 379; x_wconf 79' lang='lat'>36</span> 
     </span>
    </p>
   </div>
   <div class='ocr_carea' id='block_1_2' title="bbox 757 404 970 416">
    <p class='ocr_par' dir='ltr' id='par_1_2' title="bbox 757 404 970 416">
     <span class='ocr_line' id='line_1_2' title="bbox 757 404 970 416; baseline 0 0"><span class='ocrx_word' id='word_1_2' title='bbox 757 404 970 416; x_wconf 46' lang='lat' dir='ltr'>..m—‘-</span> 
     </span>
    </p>
   </div>
   <div class='ocr_carea' id='block_1_3' title="bbox 274 500 1454 921">
    <p class='ocr_par' dir='ltr' id='par_1_3' title="bbox 274 500 1454 921">
     <span class='ocr_line' id='line_1_3' title="bbox 276 500 1454 599; baseline -0.002 -22"><span class='ocrx_word' id='word_1_3' title='bbox 276 512 481 599; x_wconf 76' lang='lat' dir='ltr'>Itaque&#39;non</span> <span class='ocrx_word' id='word_1_4' title='bbox 514 513 620 598; x_wconf 84' lang='lat' dir='ltr'>magis</span> <span class='ocrx_word' id='word_1_5' title='bbox 656 535 754 598; x_wconf 90' lang='lat' dir='ltr'>quam</span> <span class='ocrx_word' id='word_1_6' title='bbox 790 511 954 598; x_wconf 83' lang='lat' dir='ltr'>Apollinis</span> <span class='ocrx_word' id='word_1_7' title='bbox 991 509 1148 576; x_wconf 84' lang='lat' dir='ltr'>sacellum</span> <span class='ocrx_word' id='word_1_8' title='bbox 1183 508 1306 576; x_wconf 90' lang='lat' dir='ltr'>ibidem</span> <span class='ocrx_word' id='word_1_9' title='bbox 1341 500 1454 576; x_wconf 83' lang='lat' dir='ltr'>fictum</span> 
     </span>
     <span class='ocr_line' id='line_1_4' title="bbox 276 618 1451 706; baseline -0.002 -22"><span class='ocrx_word' id='word_1_10' title='bbox 276 625 381 706; x_wconf 79' lang='lat' dir='ltr'>equus</span> <span class='ocrx_word' id='word_1_11' title='bbox 405 644 479 685; x_wconf 94' lang='lat' dir='ltr'>cum</span> <span class='ocrx_word' id='word_1_12' title='bbox 502 621 625 685; x_wconf 85' lang='lat' dir='ltr'>Perseo</span> <span class='ocrx_word' id='word_1_13' title='bbox 650 624 747 706; x_wconf 90' lang='lat' dir='ltr'>atque</span> <span class='ocrx_word' id='word_1_14' title='bbox 772 619 985 705; x_wconf 81' lang='lat' dir='ltr'>Gorgonibus</span> <span class='ocrx_word' id='word_1_15' title='bbox 1010 619 1172 684; x_wconf 78' lang='lat' dir='ltr'><strong>cohaeret.</strong></span> <span class='ocrx_word' id='word_1_16' title='bbox 1220 618 1451 706; x_wconf 85' lang='lat' dir='ltr'>Anaglyphum</span> 
     </span>
     <span class='ocr_line' id='line_1_5' title="bbox 274 726 1453 812; baseline 0 -21"><span class='ocrx_word' id='word_1_17' title='bbox 274 729 373 812; x_wconf 84' lang='lat' dir='ltr'>igitur</span> <span class='ocrx_word' id='word_1_18' title='bbox 395 727 530 792; x_wconf 90' lang='lat' dir='ltr'>Melium</span> <span class='ocrx_word' id='word_1_19' title='bbox 560 750 663 792; x_wconf 92' lang='lat' dir='ltr'>unum</span> <span class='ocrx_word' id='word_1_20' title='bbox 692 743 816 791; x_wconf 87' lang='lat' dir='ltr'>certum</span> <span class='ocrx_word' id='word_1_21' title='bbox 845 727 925 790; x_wconf 84' lang='lat' dir='ltr'>artis</span> <span class='ocrx_word' id='word_1_22' title='bbox 955 749 1037 812; x_wconf 90' lang='lat' dir='ltr'>opus</span> <span class='ocrx_word' id='word_1_23' title='bbox 1062 736 1123 809; x_wconf 83' lang='lat' dir='ltr'>est,</span> <span class='ocrx_word' id='word_1_24' title='bbox 1157 726 1191 789; x_wconf 93' lang='lat' dir='ltr'>in</span> <span class='ocrx_word' id='word_1_25' title='bbox 1222 748 1286 812; x_wconf 90' lang='lat' dir='ltr'>quo</span> <span class='ocrx_word' id='word_1_26' title='bbox 1310 728 1453 791; x_wconf 86' lang='lat' dir='ltr'>Perseus</span> 
     </span>
     <span class='ocr_line' id='line_1_6' title="bbox 276 837 675 921; baseline 0.003 -22"><span class='ocrx_word' id='word_1_27' title='bbox 276 838 360 921; x_wconf 85' lang='lat' dir='ltr'>equo</span> <span class='ocrx_word' id='word_1_28' title='bbox 385 846 500 900; x_wconf 82' lang='lat' dir='ltr'>vectus</span> <span class='ocrx_word' id='word_1_29' title='bbox 525 837 675 900; x_wconf 85' lang='lat' dir='ltr'>occurrit.</span> 
     </span>
    </p>
   </div>
   <div class='ocr_carea' id='block_1_4' title="bbox 275 942 1456 2769">
    <p class='ocr_par' dir='ltr' id='par_1_4' title="bbox 275 942 1454 1259">
     <span class='ocr_line' id='line_1_7' title="bbox 364 942 1452 1047; baseline -0.001 -22"><span class='ocrx_word' id='word_1_30' title='bbox 364 948 474 1047; x_wconf 83' lang='lat' dir='ltr'>Atque</span> <span class='ocrx_word' id='word_1_31' title='bbox 510 962 607 1024; x_wconf 89' lang='lat' dir='ltr'>etiam</span> <span class='ocrx_word' id='word_1_32' title='bbox 643 942 821 1024; x_wconf 89' lang='lat' dir='ltr'>litterarum</span> <span class='ocrx_word' id='word_1_33' title='bbox 858 946 959 1023; x_wconf 89' lang='lat' dir='ltr'>unum</span> <span class='ocrx_word' id='word_1_34' title='bbox 998 968 1106 1023; x_wconf 86' lang='lat' dir='ltr'>exstat</span> <span class='ocrx_word' id='word_1_35' title='bbox 1132 961 1353 1024; x_wconf 83' lang='lat' dir='ltr'>testimonium</span> <span class='ocrx_word' id='word_1_36' title='bbox 1389 982 1452 1046; x_wconf 94' lang='lat' dir='ltr'>quo</span> 
     </span>
     <span class='ocr_line' id='line_1_8' title="bbox 275 1056 1454 1154; baseline 0 -23"><span class='ocrx_word' id='word_1_37' title='bbox 275 1056 418 1132; x_wconf 86' lang='lat' dir='ltr'>Perseus</span> <span class='ocrx_word' id='word_1_38' title='bbox 443 1068 570 1153; x_wconf 79' lang='lat' dir='ltr'>Pegaso</span> <span class='ocrx_word' id='word_1_39' title='bbox 606 1067 682 1131; x_wconf 83' lang='lat' dir='ltr'>vehi</span> <span class='ocrx_word' id='word_1_40' title='bbox 716 1066 873 1154; x_wconf 82' lang='lat' dir='ltr'>proditur,</span> <span class='ocrx_word' id='word_1_41' title='bbox 912 1066 1073 1131; x_wconf 86' lang='lat' dir='ltr'>Ovidii</span> <span class='ocrx_word' id='word_1_42' title='bbox 1104 1090 1219 1131; x_wconf 86' lang='lat' dir='ltr'>versus</span> <span class='ocrx_word' id='word_1_43' title='bbox 1249 1067 1371 1152; x_wconf 79' lang='lat' dir='ltr'>(Amor.</span> <span class='ocrx_word' id='word_1_44' title='bbox 1402 1067 1454 1131; x_wconf 88' lang='lat' dir='ltr'>HI</span> 
     </span>
     <span class='ocr_line' id='line_1_9' title="bbox 278 1164 443 1259; baseline -0.012 -21"><span class='ocrx_word' id='word_1_45' title='bbox 278 1164 340 1258; x_wconf 48' lang='grc' dir='ltr'>12,Δ</span> <span class='ocrx_word' id='word_1_46' title='bbox 355 1175 443 1259; x_wconf 76' lang='grc'><strong>24);·</strong></span> 
     </span>
    </p>

    <p class='ocr_par' dir='ltr' id='par_1_5' title="bbox 365 1268 1015 1365">
     <span class='ocr_line' id='line_1_10' title="bbox 365 1268 1015 1365; baseline 0.003 -18"><span class='ocrx_word' id='word_1_47' title='bbox 365 1286 463 1348; x_wconf 80' lang='lat' dir='ltr'>uictor</span> <span class='ocrx_word' id='word_1_48' title='bbox 485 1284 682 1348; x_wconf 71' lang='lat' dir='ltr'><em>Abantiades</em></span> <span class='ocrx_word' id='word_1_49' title='bbox 704 1284 781 1348; x_wconf 83' lang='lat' dir='ltr'>utite</span> <span class='ocrx_word' id='word_1_50' title='bbox 803 1268 909 1365; x_wconf 66' lang='lat' dir='ltr'>fortia</span> <span class='ocrx_word' id='word_1_51' title='bbox 931 1305 1015 1365; x_wconf 80' lang='lat' dir='ltr'>eque.</span> 
     </span>
    </p>

    <p class='ocr_par' dir='ltr' id='par_1_6' title="bbox 277 1389 1456 2769">
     <span class='ocr_line' id='line_1_11' title="bbox 278 1389 1456 1471; baseline -0.001 -17"><span class='ocrx_word' id='word_1_52' title='bbox 278 1390 385 1471; x_wconf 75' lang='lat' dir='ltr'>Quem</span> <span class='ocrx_word' id='word_1_53' title='bbox 408 1389 516 1454; x_wconf 90' lang='lat' dir='ltr'>locum</span> <span class='ocrx_word' id='word_1_54' title='bbox 541 1401 577 1454; x_wconf 89' lang='lat' dir='ltr'>ut</span> <span class='ocrx_word' id='word_1_55' title='bbox 599 1390 751 1455; x_wconf 84' lang='lat' dir='ltr'><strong>familiari</strong></span> <span class='ocrx_word' id='word_1_56' title='bbox 774 1389 906 1455; x_wconf 87' lang='lat' dir='ltr'>fabulae</span> <span class='ocrx_word' id='word_1_57' title='bbox 931 1393 1126 1455; x_wconf 90' lang='lat' dir='ltr'>concinnum</span> <span class='ocrx_word' id='word_1_58' title='bbox 1147 1390 1332 1468; x_wconf 77' lang='lat' dir='ltr'>redderent,</span> <span class='ocrx_word' id='word_1_59' title='bbox 1357 1392 1456 1454; x_wconf 89' lang='lat' dir='ltr'>inter·</span> 
     </span>
     <span class='ocr_line' id='line_1_12' title="bbox 277 1496 1455 1584; baseline 0 -22"><span class='ocrx_word' id='word_1_60' title='bbox 277 1509 387 1584; x_wconf 88' lang='lat' dir='ltr'>pretes</span> <span class='ocrx_word' id='word_1_61' title='bbox 420 1500 617 1562; x_wconf 86' lang='lat' dir='ltr'>vetustiores</span> <span class='ocrx_word' id='word_1_62' title='bbox 645 1497 783 1563; x_wconf 89' lang='lat' dir='ltr'>alterum</span> <span class='ocrx_word' id='word_1_63' title='bbox 806 1498 971 1563; x_wconf 83' lang='lat' dir='ltr'>Abantem</span> <span class='ocrx_word' id='word_1_64' title='bbox 1002 1508 1195 1580; x_wconf 82' lang='lat' dir='ltr'>statuerunt,</span> <span class='ocrx_word' id='word_1_65' title='bbox 1231 1500 1286 1583; x_wconf 91' lang='lat' dir='ltr'>qui</span> <span class='ocrx_word' id='word_1_66' title='bbox 1310 1496 1455 1562; x_wconf 89' lang='lat' dir='ltr'>Bellero·</span> 
     </span>
     <span class='ocr_line' id='line_1_13' title="bbox 277 1604 1455 1691; baseline 0 -23"><span class='ocrx_word' id='word_1_67' title='bbox 277 1604 410 1691; x_wconf 87' lang='lat' dir='ltr'>phontis</span> <span class='ocrx_word' id='word_1_68' title='bbox 434 1614 528 1691; x_wconf 89' lang='lat' dir='ltr'>pater</span> <span class='ocrx_word' id='word_1_69' title='bbox 552 1605 658 1669; x_wconf 79' lang='lat' dir='ltr'>fuerit.</span> <span class='ocrx_word' id='word_1_70' title='bbox 706 1605 812 1686; x_wconf 79' lang='lat' dir='ltr'>Quam</span> <span class='ocrx_word' id='word_1_71' title='bbox 842 1607 1030 1691; x_wconf 84' lang='lat' dir='ltr'><strong>opinionem</strong></span> <span class='ocrx_word' id='word_1_72' title='bbox 1058 1628 1124 1670; x_wconf 92' lang='lat' dir='ltr'>non</span> <span class='ocrx_word' id='word_1_73' title='bbox 1152 1604 1355 1691; x_wconf 79' lang='lat' dir='ltr'>probandam</span> <span class='ocrx_word' id='word_1_74' title='bbox 1379 1627 1455 1669; x_wconf 87' lang='lat' dir='ltr'>esse</span> 
     </span>
     <span class='ocr_line' id='line_1_14' title="bbox 278 1712 1454 1799; baseline -0.003 -19"><span class='ocrx_word' id='word_1_75' title='bbox 278 1713 312 1779; x_wconf 90' lang='lat' dir='ltr'>in</span> <span class='ocrx_word' id='word_1_76' title='bbox 338 1722 491 1799; x_wconf 86' lang='lat' dir='ltr'>promptu</span> <span class='ocrx_word' id='word_1_77' title='bbox 519 1722 578 1778; x_wconf 91' lang='lat' dir='ltr'>est.</span> <span class='ocrx_word' id='word_1_78' title='bbox 632 1712 736 1779; x_wconf 79' lang='lat' dir='ltr'>Victor</span> <span class='ocrx_word' id='word_1_79' title='bbox 767 1715 854 1777; x_wconf 87' lang='lat' dir='ltr'>enim</span> <span class='ocrx_word' id='word_1_80' title='bbox 877 1713 1077 1779; x_wconf 74' lang='lat' dir='ltr'>Abantiades</span> <span class='ocrx_word' id='word_1_81' title='bbox 1105 1712 1202 1777; x_wconf 86' lang='lat' dir='ltr'>alium</span> <span class='ocrx_word' id='word_1_82' title='bbox 1234 1735 1273 1777; x_wconf 88' lang='lat' dir='ltr'>ae</span> <span class='ocrx_word' id='word_1_83' title='bbox 1297 1713 1454 1776; x_wconf 87' lang='lat' dir='ltr'>Perseum</span> 
     </span>
     <span class='ocr_line' id='line_1_15' title="bbox 280 1806 1455 1906; baseline 0 -21"><span class='ocrx_word' id='word_1_84' title='bbox 280 1820 466 1906; x_wconf 85' lang='lat' dir='ltr'>significare</span> <span class='ocrx_word' id='word_1_85' title='bbox 485 1806 613 1904; x_wconf 88' lang='lat' dir='ltr'>nequit.</span> <span class='ocrx_word' id='word_1_86' title='bbox 655 1819 728 1900; x_wconf 72' lang='lat' dir='ltr'>Quo</span> <span class='ocrx_word' id='word_1_87' title='bbox 753 1823 885 1885; x_wconf 88' lang='lat' dir='ltr'>nornine</span> <span class='ocrx_word' id='word_1_88' title='bbox 907 1820 1048 1906; x_wconf 88' lang='lat' dir='ltr'>Ovidius</span> <span class='ocrx_word' id='word_1_89' title='bbox 1066 1821 1232 1884; x_wconf 52' lang='lat' dir='ltr'>¹Perseum</span> <span class='ocrx_word' id='word_1_90' title='bbox 1257 1822 1355 1885; x_wconf 89' lang='lat' dir='ltr'>etiam</span> <span class='ocrx_word' id='word_1_91' title='bbox 1378 1820 1455 1885; x_wconf 78' lang='lat' dir='ltr'>Ma.</span> 
     </span>
     <span class='ocr_line' id='line_1_16' title="bbox 279 1927 1454 2015; baseline -0.002 -23"><span class='ocrx_word' id='word_1_92' title='bbox 279 1928 313 1992; x_wconf 36' lang='lat' dir='ltr'>V*</span> <span class='ocrx_word' id='word_1_93' title='bbox 343 1928 409 1992; x_wconf 79' lang='lat'>236</span> <span class='ocrx_word' id='word_1_94' title='bbox 445 1927 597 2014; x_wconf 87' lang='lat' dir='ltr'>appellat.</span> <span class='ocrx_word' id='word_1_95' title='bbox 655 1927 765 2013; x_wconf 89' lang='lat' dir='ltr'>Atque</span> <span class='ocrx_word' id='word_1_96' title='bbox 795 1927 872 1992; x_wconf 90' lang='lat' dir='ltr'>alibi</span> <span class='ocrx_word' id='word_1_97' title='bbox 913 1927 1104 2015; x_wconf 88' lang='lat' dir='ltr'>simpliciter</span> <span class='ocrx_word' id='word_1_98' title='bbox 1138 1929 1352 1994; x_wconf 77' lang='lat' dir='ltr'>Abantiadem</span> <span class='ocrx_word' id='word_1_99' title='bbox 1380 1949 1454 1991; x_wconf 90' lang='lat' dir='ltr'>eum</span> 
     </span>
     <span class='ocr_line' id='line_1_17' title="bbox 279 2016 1454 2120; baseline -0.001 -22"><span class='ocrx_word' id='word_1_100' title='bbox 279 2016 391 2107; x_wconf 63' lang='lat' dir='ltr'>teat:</span> <span class='ocrx_word' id='word_1_101' title='bbox 426 2035 503 2101; x_wconf 73' lang='lat' dir='ltr'>rua.</span> <span class='ocrx_word' id='word_1_102' title='bbox 532 2035 580 2099; x_wconf 84' lang='lat' dir='ltr'>rr</span> <span class='ocrx_word' id='word_1_103' title='bbox 611 2036 686 2118; x_wconf 78' lang='lat' dir='ltr'>eor,</span> <span class='ocrx_word' id='word_1_104' title='bbox 732 2036 812 2120; x_wconf 72' lang='lat'>673,</span> <span class='ocrx_word' id='word_1_105' title='bbox 851 2037 881 2098; x_wconf 81' lang='lat' dir='ltr'><strong>v</strong></span> <span class='ocrx_word' id='word_1_106' title='bbox 911 2035 989 2120; x_wconf 71' lang='lat'>1383</span> <span class='ocrx_word' id='word_1_107' title='bbox 1026 2035 1074 2100; x_wconf 82' lang='lat' dir='ltr'>ro.</span> <span class='ocrx_word' id='word_1_108' title='bbox 1111 2036 1187 2101; x_wconf 81' lang='lat'>461.</span> <span class='ocrx_word' id='word_1_109' title='bbox 1244 2035 1311 2100; x_wconf 81' lang='lat' dir='ltr'>Am</span> <span class='ocrx_word' id='word_1_110' title='bbox 1345 2044 1454 2099; x_wconf 72' lang='lat' dir='ltr'>autem</span> 
     </span>
     <span class='ocr_line' id='line_1_18' title="bbox 282 2124 1452 2229; baseline -0.001 -23"><span class='ocrx_word' id='word_1_111' title='bbox 282 2124 479 2229; x_wconf 85' lang='lat' dir='ltr'>interpretes</span> <span class='ocrx_word' id='word_1_112' title='bbox 514 2146 710 2208; x_wconf 85' lang='lat' dir='ltr'>vetustiores</span> <span class='ocrx_word' id='word_1_113' title='bbox 743 2167 816 2208; x_wconf 88' lang='lat' dir='ltr'>eam</span> <span class='ocrx_word' id='word_1_114' title='bbox 857 2147 942 2208; x_wconf 87' lang='lat' dir='ltr'>viam</span> <span class='ocrx_word' id='word_1_115' title='bbox 981 2146 1133 2226; x_wconf 90' lang='lat' dir='ltr'>inierunt,</span> <span class='ocrx_word' id='word_1_116' title='bbox 1168 2153 1204 2207; x_wconf 90' lang='lat' dir='ltr'>ut</span> <span class='ocrx_word' id='word_1_117' title='bbox 1226 2146 1332 2227; x_wconf 80' lang='lat' dir='ltr'>fertur</span> <span class='ocrx_word' id='word_1_118' title='bbox 1365 2142 1452 2206; x_wconf 88' lang='lat' dir='ltr'>idern</span> 
     </span>
     <span class='ocr_line' id='line_1_19' title="bbox 283 2249 1456 2338; baseline 0 -24"><span class='ocrx_word' id='word_1_119' title='bbox 283 2259 380 2336; x_wconf 88' lang='lat' dir='ltr'>atque</span> <span class='ocrx_word' id='word_1_120' title='bbox 413 2254 608 2329; x_wconf 79' lang='lat' dir='ltr'>„t1·aetatur“</span> <span class='ocrx_word' id='word_1_121' title='bbox 639 2250 694 2315; x_wconf 85' lang='lat' dir='ltr'>vel</span> <span class='ocrx_word' id='word_1_122' title='bbox 724 2251 947 2332; x_wconf 84' lang='lat' dir='ltr'>„celebratur“</span> <span class='ocrx_word' id='word_1_123' title='bbox 992 2251 1102 2316; x_wconf 86' lang='lat' dir='ltr'>valere</span> <span class='ocrx_word' id='word_1_124' title='bbox 1139 2253 1358 2338; x_wconf 86' lang='lat' dir='ltr'>opinarentur.</span> <span class='ocrx_word' id='word_1_125' title='bbox 1406 2249 1456 2314; x_wconf 88' lang='lat' dir='ltr'>Ac</span> 
     </span>
     <span class='ocr_line' id='line_1_20' title="bbox 281 2340 1454 2445; baseline -0.001 -23"><span class='ocrx_word' id='word_1_126' title='bbox 281 2340 393 2422; x_wconf 67' lang='lat' dir='ltr'>uerbis</span> <span class='ocrx_word' id='word_1_127' title='bbox 422 2359 499 2423; x_wconf 85' lang='lat' dir='ltr'>alite</span> <span class='ocrx_word' id='word_1_128' title='bbox 522 2360 725 2441; x_wconf 70' lang='lat' dir='ltr'>tartaraque</span> <span class='ocrx_word' id='word_1_129' title='bbox 753 2360 875 2445; x_wconf 84' lang='lat' dir='ltr'>Pegasi</span> <span class='ocrx_word' id='word_1_130' title='bbox 899 2361 1057 2444; x_wconf 85' lang='lat' dir='ltr'>originem</span> <span class='ocrx_word' id='word_1_131' title='bbox 1082 2382 1101 2423; x_wconf 89' lang='lat' dir='ltr'>a</span> <span class='ocrx_word' id='word_1_132' title='bbox 1124 2359 1246 2424; x_wconf 85' lang='lat' dir='ltr'>Perseo</span> <span class='ocrx_word' id='word_1_133' title='bbox 1272 2358 1454 2424; x_wconf 86' lang='lat' dir='ltr'>confectam</span> 
     </span>
     <span class='ocr_line' id='line_1_21' title="bbox 285 2465 1455 2556; baseline 0 -28"><span class='ocrx_word' id='word_1_134' title='bbox 285 2465 465 2549; x_wconf 86' lang='lat' dir='ltr'>significari</span> <span class='ocrx_word' id='word_1_135' title='bbox 489 2466 608 2530; x_wconf 87' lang='lat' dir='ltr'>dicunt.</span> <span class='ocrx_word' id='word_1_136' title='bbox 655 2467 779 2531; x_wconf 88' lang='lat' dir='ltr'>Verum</span> <span class='ocrx_word' id='word_1_137' title='bbox 803 2469 901 2531; x_wconf 87' lang='lat' dir='ltr'>etiam</span> <span class='ocrx_word' id='word_1_138' title='bbox 926 2467 1011 2531; x_wconf 88' lang='lat' dir='ltr'>hanc</span> <span class='ocrx_word' id='word_1_139' title='bbox 1037 2468 1339 2556; x_wconf 84' lang='lat' dir='ltr'>interpretationem</span> <span class='ocrx_word' id='word_1_140' title='bbox 1364 2465 1455 2529; x_wconf 88' lang='lat' dir='ltr'>dere·</span> 
     </span>
     <span class='ocr_line' id='line_1_22' title="bbox 284 2572 1455 2667; baseline 0 -31"><span class='ocrx_word' id='word_1_141' title='bbox 284 2572 497 2667; x_wconf 88' lang='lat' dir='ltr'>linquendam</span> <span class='ocrx_word' id='word_1_142' title='bbox 521 2596 596 2637; x_wconf 87' lang='lat' dir='ltr'>esse</span> <span class='ocrx_word' id='word_1_143' title='bbox 619 2575 652 2637; x_wconf 92' lang='lat' dir='ltr'>in</span> <span class='ocrx_word' id='word_1_144' title='bbox 677 2583 789 2660; x_wconf 87' lang='lat' dir='ltr'>aperto</span> <span class='ocrx_word' id='word_1_145' title='bbox 814 2586 875 2665; x_wconf 88' lang='lat' dir='ltr'>est.</span> <span class='ocrx_word' id='word_1_146' title='bbox 917 2575 1034 2661; x_wconf 90' lang='lat' dir='ltr'>Neque</span> <span class='ocrx_word' id='word_1_147' title='bbox 1058 2576 1189 2639; x_wconf 90' lang='lat' dir='ltr'>omnino</span> <span class='ocrx_word' id='word_1_148' title='bbox 1213 2576 1328 2638; x_wconf 88' lang='lat' dir='ltr'>Persei</span> <span class='ocrx_word' id='word_1_149' title='bbox 1352 2572 1455 2658; x_wconf 86' lang='lat' dir='ltr'>gloria</span> 
     </span>
     <span class='ocr_line' id='line_1_23' title="bbox 283 2681 1332 2769; baseline -0.001 -24"><span class='ocrx_word' id='word_1_150' title='bbox 283 2682 316 2761; x_wconf 87' lang='lat' dir='ltr'>in</span> <span class='ocrx_word' id='word_1_151' title='bbox 342 2691 414 2744; x_wconf 88' lang='lat' dir='ltr'>ortu</span> <span class='ocrx_word' id='word_1_152' title='bbox 436 2682 566 2765; x_wconf 80' lang='lat' dir='ltr'>Pegasi,</span> <span class='ocrx_word' id='word_1_153' title='bbox 595 2681 682 2745; x_wconf 87' lang='lat' dir='ltr'>facto</span> <span class='ocrx_word' id='word_1_154' title='bbox 707 2682 849 2758; x_wconf 86' lang='lat' dir='ltr'>fortuito,</span> <span class='ocrx_word' id='word_1_155' title='bbox 874 2706 940 2747; x_wconf 93' lang='lat' dir='ltr'>non</span> <span class='ocrx_word' id='word_1_156' title='bbox 966 2682 1112 2764; x_wconf 87' lang='lat' dir='ltr'>consilio,</span> <span class='ocrx_word' id='word_1_157' title='bbox 1141 2684 1249 2769; x_wconf 87' lang='lat' dir='ltr'>posita</span> <span class='ocrx_word' id='word_1_158' title='bbox 1273 2692 1332 2745; x_wconf 86' lang='lat' dir='ltr'>est.</span> 
     </span>
    </p>
   </div>
   <div class='ocr_carea' id='block_1_5' title="bbox 281 2806 1458 3216">
    <p class='ocr_par' dir='ltr' id='par_1_7' title="bbox 281 2806 1458 3216">
     <span class='ocr_line' id='line_1_24' title="bbox 318 2806 1455 2893; baseline -0.001 -24"><span class='ocrx_word' id='word_1_159' title='bbox 318 2850 320 2855; x_wconf 80' lang='lat'><em>·</em></span> <span class='ocrx_word' id='word_1_160' title='bbox 372 2806 535 2885; x_wconf 75' lang='lat' dir='ltr'>Quoniam</span> <span class='ocrx_word' id='word_1_161' title='bbox 559 2830 622 2871; x_wconf 93' lang='lat' dir='ltr'>uno</span> <span class='ocrx_word' id='word_1_162' title='bbox 648 2807 760 2873; x_wconf 88' lang='lat' dir='ltr'>Ovidii</span> <span class='ocrx_word' id='word_1_163' title='bbox 781 2807 855 2873; x_wconf 92' lang='lat' dir='ltr'>loco</span> <span class='ocrx_word' id='word_1_164' title='bbox 872 2809 1016 2873; x_wconf 88' lang='lat' dir='ltr'>Perseus</span> <span class='ocrx_word' id='word_1_165' title='bbox 1033 2808 1161 2893; x_wconf 88' lang='lat' dir='ltr'>Pegaso</span> <span class='ocrx_word' id='word_1_166' title='bbox 1185 2830 1266 2872; x_wconf 82' lang='lat' dir='ltr'>usus</span> <span class='ocrx_word' id='word_1_167' title='bbox 1291 2828 1366 2872; x_wconf 87' lang='lat' dir='ltr'>esse</span> <span class='ocrx_word' id='word_1_168' title='bbox 1391 2806 1455 2869; x_wconf 88' lang='lat' dir='ltr'>fer·</span> 
     </span>
     <span class='ocr_line' id='line_1_25' title="bbox 281 2914 1458 3001; baseline 0 -25"><span class='ocrx_word' id='word_1_169' title='bbox 281 2923 344 2994; x_wconf 86' lang='lat' dir='ltr'>tur,</span> <span class='ocrx_word' id='word_1_170' title='bbox 369 2936 407 2977; x_wconf 89' lang='lat' dir='ltr'>eo</span> <span class='ocrx_word' id='word_1_171' title='bbox 431 2918 537 2998; x_wconf 88' lang='lat' dir='ltr'>magis</span> <span class='ocrx_word' id='word_1_172' title='bbox 561 2917 679 2979; x_wconf 90' lang='lat' dir='ltr'>mirum</span> <span class='ocrx_word' id='word_1_173' title='bbox 701 2925 752 2979; x_wconf 91' lang='lat' dir='ltr'>est</span> <span class='ocrx_word' id='word_1_174' title='bbox 773 2917 883 3001; x_wconf 90' lang='lat' dir='ltr'>ipsum</span> <span class='ocrx_word' id='word_1_175' title='bbox 900 2915 988 2980; x_wconf 90' lang='lat' dir='ltr'>huno</span> <span class='ocrx_word' id='word_1_176' title='bbox 1004 2938 1171 3000; x_wconf 89' lang='lat' dir='ltr'>nunquam</span> <span class='ocrx_word' id='word_1_177' title='bbox 1194 2915 1264 2978; x_wconf 84' lang='lat' dir='ltr'>fere</span> <span class='ocrx_word' id='word_1_178' title='bbox 1280 2914 1458 2978; x_wconf 88' lang='lat' dir='ltr'>testimonii</span> 
     </span>
     <span class='ocr_line' id='line_1_26' title="bbox 283 3020 1455 3108; baseline -0.001 -25"><span class='ocrx_word' id='word_1_179' title='bbox 283 3044 384 3084; x_wconf 87' lang='lat' dir='ltr'>causa</span> <span class='ocrx_word' id='word_1_180' title='bbox 408 3020 540 3085; x_wconf 88' lang='lat' dir='ltr'>allatum</span> <span class='ocrx_word' id='word_1_181' title='bbox 565 3045 650 3087; x_wconf 83' lang='lat' dir='ltr'>esse.</span> <span class='ocrx_word' id='word_1_182' title='bbox 699 3022 820 3087; x_wconf 80' lang='lat' dir='ltr'>Contra</span> <span class='ocrx_word' id='word_1_183' title='bbox 836 3022 971 3086; x_wconf 88' lang='lat' dir='ltr'>aliilooi</span> <span class='ocrx_word' id='word_1_184' title='bbox 995 3025 1143 3108; x_wconf 80' lang='lat' dir='ltr'>congesti</span> <span class='ocrx_word' id='word_1_185' title='bbox 1164 3032 1250 3105; x_wconf 88' lang='lat' dir='ltr'>sunt,</span> <span class='ocrx_word' id='word_1_186' title='bbox 1277 3021 1396 3108; x_wconf 87' lang='lat' dir='ltr'>quibus</span> <span class='ocrx_word' id='word_1_187' title='bbox 1420 3044 1455 3083; x_wconf 91' lang='lat' dir='ltr'>re</span> 
     </span>
     <span class='ocr_line' id='line_1_27' title="bbox 283 3129 1358 3216; baseline 0.001 -25"><span class='ocrx_word' id='word_1_188' title='bbox 283 3151 362 3191; x_wconf 79' lang='lat' dir='ltr'>vera</span> <span class='ocrx_word' id='word_1_189' title='bbox 383 3129 499 3192; x_wconf 84' lang='lat' dir='ltr'>Persei</span> <span class='ocrx_word' id='word_1_190' title='bbox 519 3131 555 3192; x_wconf 88' lang='lat' dir='ltr'>in</span> <span class='ocrx_word' id='word_1_191' title='bbox 578 3131 706 3214; x_wconf 87' lang='lat' dir='ltr'>Pegaso</span> <span class='ocrx_word' id='word_1_192' title='bbox 731 3132 906 3216; x_wconf 88' lang='lat' dir='ltr'>equitantis</span> <span class='ocrx_word' id='word_1_193' title='bbox 930 3134 1050 3194; x_wconf 89' lang='lat' dir='ltr'>mentio</span> <span class='ocrx_word' id='word_1_194' title='bbox 1075 3153 1141 3194; x_wconf 94' lang='lat' dir='ltr'>non</span> <span class='ocrx_word' id='word_1_195' title='bbox 1165 3132 1358 3194; x_wconf 85' lang='lat' dir='ltr'>continetur.</span> 
     </span>
    </p>
   </div>
   <div class='ocr_carea' id='block_1_6' title="bbox 266 3253 1530 4313">
    <p class='ocr_par' dir='ltr' id='par_1_8' title="bbox 266 3253 1530 4198">
     <span class='ocr_line' id='line_1_28' title="bbox 287 3253 1457 3335; baseline 0.001 -17"><span class='ocrx_word' id='word_1_196' title='bbox 287 3282 290 3290; x_wconf 92' lang='lat'><strong>·</strong></span> <span class='ocrx_word' id='word_1_197' title='bbox 330 3260 334 3265; x_wconf 81' lang='grc'>’</span> <span class='ocrx_word' id='word_1_198' title='bbox 370 3254 418 3318; x_wconf 59' lang='lat' dir='ltr'>’Ut</span> <span class='ocrx_word' id='word_1_199' title='bbox 441 3253 533 3318; x_wconf 85' lang='lat' dir='ltr'>Souti</span> <span class='ocrx_word' id='word_1_200' title='bbox 561 3254 714 3318; x_wconf 85' lang='lat' dir='ltr'>Herculis</span> <span class='ocrx_word' id='word_1_201' title='bbox 743 3278 774 3319; x_wconf 89' lang='lat' dir='ltr'>v.</span> <span class='ocrx_word' id='word_1_202' title='bbox 799 3255 865 3319; x_wconf 78' lang='lat'>216</span> <span class='ocrx_word' id='word_1_203' title='bbox 895 3254 1038 3335; x_wconf 89' lang='lat' dir='ltr'>affertur,</span> <span class='ocrx_word' id='word_1_204' title='bbox 1074 3254 1131 3318; x_wconf 91' lang='lat' dir='ltr'>ubi</span> <span class='ocrx_word' id='word_1_205' title='bbox 1165 3256 1310 3318; x_wconf 89' lang='lat' dir='ltr'>Perseus</span> <span class='ocrx_word' id='word_1_206' title='bbox 1346 3259 1457 3322; x_wconf 78' lang='grc' dir='ltr'>ἱππότα</span> 
     </span>
     <span class='ocr_line' id='line_1_29' title="bbox 284 3360 1457 3448; baseline -0.001 -25"><span class='ocrx_word' id='word_1_207' title='bbox 284 3360 476 3447; x_wconf 81' lang='lat' dir='ltr'>appellatur.</span> <span class='ocrx_word' id='word_1_208' title='bbox 487 3360 510 3447; x_wconf 89' lang='grc'>1)</span> <span class='ocrx_word' id='word_1_209' title='bbox 559 3361 625 3426; x_wconf 87' lang='lat' dir='ltr'>Sed</span> <span class='ocrx_word' id='word_1_210' title='bbox 648 3362 822 3446; x_wconf 83' lang='lat' dir='ltr'>Pegasum,</span> <span class='ocrx_word' id='word_1_211' title='bbox 848 3364 904 3448; x_wconf 92' lang='lat' dir='ltr'>qui</span> <span class='ocrx_word' id='word_1_212' title='bbox 926 3372 993 3426; x_wconf 91' lang='lat' dir='ltr'>toto</span> <span class='ocrx_word' id='word_1_213' title='bbox 1016 3362 1070 3426; x_wconf 91' lang='lat' dir='ltr'>illo</span> <span class='ocrx_word' id='word_1_214' title='bbox 1096 3364 1240 3426; x_wconf 80' lang='lat' dir='ltr'>carmine</span> <span class='ocrx_word' id='word_1_215' title='bbox 1264 3385 1331 3426; x_wconf 88' lang='lat' dir='ltr'>nou</span> <span class='ocrx_word' id='word_1_216' title='bbox 1354 3362 1457 3424; x_wconf 88' lang='lat' dir='ltr'>nomi·</span> 
     </span>
     <span class='ocr_line' id='line_1_30' title="bbox 284 3468 1457 3555; baseline -0.003 -22"><span class='ocrx_word' id='word_1_217' title='bbox 284 3480 390 3552; x_wconf 86' lang='lat' dir='ltr'>natur,</span> <span class='ocrx_word' id='word_1_218' title='bbox 413 3481 511 3555; x_wconf 91' lang='lat' dir='ltr'>poeta</span> <span class='ocrx_word' id='word_1_219' title='bbox 535 3480 624 3534; x_wconf 87' lang='lat' dir='ltr'>certo</span> <span class='ocrx_word' id='word_1_220' title='bbox 653 3492 719 3533; x_wconf 94' lang='lat' dir='ltr'>non</span> <span class='ocrx_word' id='word_1_221' title='bbox 744 3470 917 3554; x_wconf 88' lang='lat' dir='ltr'>significat.</span> <span class='ocrx_word' id='word_1_222' title='bbox 964 3470 1079 3555; x_wconf 89' lang='lat' dir='ltr'>Neque</span> <span class='ocrx_word' id='word_1_223' title='bbox 1104 3471 1191 3533; x_wconf 91' lang='lat' dir='ltr'>enim</span> <span class='ocrx_word' id='word_1_224' title='bbox 1214 3470 1373 3533; x_wconf 89' lang='lat' dir='ltr'>Perseum</span> <span class='ocrx_word' id='word_1_225' title='bbox 1395 3468 1457 3530; x_wconf 92' lang='lat' dir='ltr'>Pe·</span> 
     </span>
     <span class='ocr_line' id='line_1_31' title="bbox 266 3575 1458 3670; baseline 0.001 -30"><span class='ocrx_word' id='word_1_226' title='bbox 266 3599 375 3661; x_wconf 83' lang='lat' dir='ltr'>gaso,</span> <span class='ocrx_word' id='word_1_227' title='bbox 401 3576 461 3640; x_wconf 90' lang='lat' dir='ltr'>sed</span> <span class='ocrx_word' id='word_1_228' title='bbox 484 3579 601 3662; x_wconf 90' lang='lat' dir='ltr'>pennis</span> <span class='ocrx_word' id='word_1_229' title='bbox 629 3576 787 3641; x_wconf 87' lang='lat' dir='ltr'>talaribus</span> <span class='ocrx_word' id='word_1_230' title='bbox 815 3577 1038 3661; x_wconf 88' lang='lat' dir='ltr'>aufugientem</span> <span class='ocrx_word' id='word_1_231' title='bbox 1066 3575 1157 3640; x_wconf 86' lang='lat' dir='ltr'>feeit:</span> <span class='ocrx_word' id='word_1_232' title='bbox 1194 3582 1269 3670; x_wconf 76' lang='grc' dir='ltr'>ἀμφὶ</span> <span class='ocrx_word' id='word_1_233' title='bbox 1296 3582 1332 3645; x_wconf 79' lang='grc' dir='ltr'>δὲ</span> <span class='ocrx_word' id='word_1_234' title='bbox 1354 3581 1458 3644; x_wconf 82' lang='grc' dir='ltr'>ποσσὶν</span> 
     </span>
     <span class='ocr_line' id='line_1_32' title="bbox 286 3682 1530 3776; baseline -0.001 -23"><span class='ocrx_word' id='word_1_235' title='bbox 286 3688 335 3776; x_wconf 79' lang='grc' dir='ltr'>ἔχε</span> <span class='ocrx_word' id='word_1_236' title='bbox 371 3697 538 3775; x_wconf 82' lang='grc' dir='ltr'>πτερόεντα</span> <span class='ocrx_word' id='word_1_237' title='bbox 575 3690 685 3752; x_wconf 76' lang='grc' dir='ltr'>πέδιλα</span> <span class='ocrx_word' id='word_1_238' title='bbox 723 3684 832 3769; x_wconf 79' lang='grc'>(220);</span> <span class='ocrx_word' id='word_1_239' title='bbox 869 3692 885 3753; x_wconf 83' lang='grc' dir='ltr'>ό</span> <span class='ocrx_word' id='word_1_240' title='bbox 923 3683 1035 3753; x_wconf 76' lang='grc' dir='ltr'>δ’ὥστε</span> <span class='ocrx_word' id='word_1_241' title='bbox 1068 3690 1150 3776; x_wconf 80' lang='grc' dir='ltr'>νόημ’</span> <span class='ocrx_word' id='word_1_242' title='bbox 1187 3692 1320 3753; x_wconf 79' lang='grc' dir='ltr'>ἒποτᾶπό</span> <span class='ocrx_word' id='word_1_243' title='bbox 1356 3682 1456 3767; x_wconf 66' lang='lat'>(⁸322)</span> <span class='ocrx_word' id='word_1_244' title='bbox 1528 3722 1530 3733; x_wconf 47' lang='grc' dir='ltr'><em>ν</em></span> 
     </span>
     <span class='ocr_line' id='line_1_33' title="bbox 287 3790 1457 3876; baseline -0.002 -21"><span class='ocrx_word' id='word_1_245' title='bbox 287 3793 461 3855; x_wconf 87' lang='lat' dir='ltr'>Praeterea</span> <span class='ocrx_word' id='word_1_246' title='bbox 486 3796 596 3858; x_wconf 82' lang='grc' dir='ltr'>ἱππότα</span> <span class='ocrx_word' id='word_1_247' title='bbox 619 3792 761 3876; x_wconf 89' lang='lat' dir='ltr'>equitem</span> <span class='ocrx_word' id='word_1_248' title='bbox 787 3793 951 3855; x_wconf 85' lang='lat' dir='ltr'>communi</span> <span class='ocrx_word' id='word_1_249' title='bbox 969 3790 1095 3855; x_wconf 87' lang='lat' dir='ltr'>caballo</span> <span class='ocrx_word' id='word_1_250' title='bbox 1116 3814 1222 3873; x_wconf 86' lang='lat' dir='ltr'>usum,</span> <span class='ocrx_word' id='word_1_251' title='bbox 1248 3813 1314 3855; x_wconf 90' lang='lat' dir='ltr'>non</span> <span class='ocrx_word' id='word_1_252' title='bbox 1329 3792 1457 3874; x_wconf 88' lang='lat' dir='ltr'>Pegaso</span> 
     </span>
     <span class='ocr_line' id='line_1_34' title="bbox 285 3897 1457 3983; baseline 0 -23"><span class='ocrx_word' id='word_1_253' title='bbox 285 3907 416 3961; x_wconf 80' lang='lat' dir='ltr'>rectum</span> <span class='ocrx_word' id='word_1_254' title='bbox 445 3898 656 3981; x_wconf 88' lang='lat' dir='ltr'>significaret.</span> <span class='ocrx_word' id='word_1_255' title='bbox 703 3899 778 3962; x_wconf 85' lang='lat' dir='ltr'>Vox</span> <span class='ocrx_word' id='word_1_256' title='bbox 806 3901 878 3962; x_wconf 89' lang='lat' dir='ltr'>sine</span> <span class='ocrx_word' id='word_1_257' title='bbox 909 3898 1008 3962; x_wconf 95' lang='lat' dir='ltr'>dubio</span> <span class='ocrx_word' id='word_1_258' title='bbox 1037 3897 1195 3962; x_wconf 87' lang='lat' dir='ltr'>translata</span> <span class='ocrx_word' id='word_1_259' title='bbox 1219 3909 1269 3962; x_wconf 91' lang='lat' dir='ltr'>est</span> <span class='ocrx_word' id='word_1_260' title='bbox 1292 3921 1334 3962; x_wconf 86' lang='lat' dir='ltr'>ex</span> <span class='ocrx_word' id='word_1_261' title='bbox 1363 3899 1457 3983; x_wconf 86' lang='lat' dir='ltr'>epioe</span> 
     </span>
     <span class='ocr_line' id='line_1_35' title="bbox 287 4004 1459 4091; baseline -0.002 -22"><span class='ocrx_word' id='word_1_262' title='bbox 287 4007 430 4081; x_wconf 84' lang='lat' dir='ltr'>carmine</span> <span class='ocrx_word' id='word_1_263' title='bbox 458 4005 604 4084; x_wconf 86' lang='lat' dir='ltr'>Homeri,</span> <span class='ocrx_word' id='word_1_264' title='bbox 639 4004 726 4091; x_wconf 90' lang='lat' dir='ltr'>apud</span> <span class='ocrx_word' id='word_1_265' title='bbox 761 4028 858 4090; x_wconf 82' lang='lat' dir='ltr'>quern</span> <span class='ocrx_word' id='word_1_266' title='bbox 895 4028 960 4068; x_wconf 95' lang='lat' dir='ltr'>non</span> <span class='ocrx_word' id='word_1_267' title='bbox 994 4008 1112 4091; x_wconf 90' lang='lat' dir='ltr'>equitis</span> <span class='ocrx_word' id='word_1_268' title='bbox 1141 4008 1229 4069; x_wconf 91' lang='lat' dir='ltr'>notio</span> <span class='ocrx_word' id='word_1_269' title='bbox 1255 4007 1284 4069; x_wconf 90' lang='lat' dir='ltr'>ei</span> <span class='ocrx_word' id='word_1_270' title='bbox 1309 4004 1459 4079; x_wconf 84' lang='lat' dir='ltr'>subiecta</span> 
     </span>
     <span class='ocr_line' id='line_1_36' title="bbox 286 4111 944 4198; baseline -0.002 -23"><span class='ocrx_word' id='word_1_271' title='bbox 286 4114 346 4194; x_wconf 80' lang='lat' dir='ltr'>est,</span> <span class='ocrx_word' id='word_1_272' title='bbox 373 4112 432 4176; x_wconf 87' lang='lat' dir='ltr'>sed</span> <span class='ocrx_word' id='word_1_273' title='bbox 457 4114 527 4175; x_wconf 81' lang='lat' dir='ltr'>eius</span> <span class='ocrx_word' id='word_1_274' title='bbox 552 4112 608 4196; x_wconf 89' lang='lat' dir='ltr'>qui</span> <span class='ocrx_word' id='word_1_275' title='bbox 632 4111 673 4174; x_wconf 92' lang='lat' dir='ltr'>de</span> <span class='ocrx_word' id='word_1_276' title='bbox 698 4134 795 4174; x_wconf 85' lang='lat' dir='ltr'>curru</span> <span class='ocrx_word' id='word_1_277' title='bbox 819 4121 944 4198; x_wconf 87' lang='lat' dir='ltr'>pugnat</span> 
     </span>
    </p>

    <p class='ocr_par' dir='ltr' id='par_1_9' title="bbox 376 4218 1460 4313">
     <span class='ocr_line' id='line_1_37' title="bbox 376 4218 1460 4313; baseline -0.002 -30"><span class='ocrx_word' id='word_1_278' title='bbox 376 4220 491 4283; x_wconf 84' lang='lat' dir='ltr'>Persei</span> <span class='ocrx_word' id='word_1_279' title='bbox 514 4228 621 4282; x_wconf 91' lang='lat' dir='ltr'>autern</span> <span class='ocrx_word' id='word_1_280' title='bbox 647 4218 774 4313; x_wconf 90' lang='lat' dir='ltr'>Pegaso</span> <span class='ocrx_word' id='word_1_281' title='bbox 798 4221 884 4282; x_wconf 84' lang='lat' dir='ltr'>vecti</span> <span class='ocrx_word' id='word_1_282' title='bbox 910 4221 1005 4283; x_wconf 90' lang='lat' dir='ltr'>etiam</span> <span class='ocrx_word' id='word_1_283' title='bbox 1029 4222 1063 4283; x_wconf 90' lang='lat' dir='ltr'>in</span> <span class='ocrx_word' id='word_1_284' title='bbox 1097 4222 1138 4282; x_wconf 86' lang='lat' dir='ltr'>iis</span> <span class='ocrx_word' id='word_1_285' title='bbox 1166 4222 1365 4283; x_wconf 88' lang='lat' dir='ltr'>mentionem</span> <span class='ocrx_word' id='word_1_286' title='bbox 1388 4219 1460 4282; x_wconf 92' lang='lat' dir='ltr'>fieri</span> 
     </span>
    </p>
   </div>
   <div class='ocr_carea' id='block_1_7' title="bbox 287 4432 1459 4682">
    <p class='ocr_par' dir='ltr' id='par_1_10' title="bbox 287 4432 1459 4682">
     <span class='ocr_line' id='line_1_38' title="bbox 379 4432 1459 4502; baseline 0 -17"><span class='ocrx_word' id='word_1_287' title='bbox 379 4436 397 4499; x_wconf 82' lang='lat'>¹)</span> <span class='ocrx_word' id='word_1_288' title='bbox 417 4433 477 4486; x_wconf 90' lang='lat' dir='ltr'>Due</span> <span class='ocrx_word' id='word_1_289' title='bbox 497 4433 531 4485; x_wconf 90' lang='lat' dir='ltr'>de</span> <span class='ocrx_word' id='word_1_290' title='bbox 550 4433 670 4502; x_wconf 86' lang='lat' dir='ltr'>Luynes,</span> <span class='ocrx_word' id='word_1_291' title='bbox 694 4433 767 4486; x_wconf 88' lang='lat' dir='ltr'>Ann.</span> <span class='ocrx_word' id='word_1_292' title='bbox 791 4432 854 4485; x_wconf 84' lang='lat' dir='ltr'>dell’</span> <span class='ocrx_word' id='word_1_293' title='bbox 880 4432 948 4486; x_wconf 90' lang='lat' dir='ltr'>Inst.</span> <span class='ocrx_word' id='word_1_294' title='bbox 969 4432 1008 4485; x_wconf 89' lang='lat' dir='ltr'>VI</span> <span class='ocrx_word' id='word_1_295' title='bbox 1026 4432 1119 4499; x_wconf 67' lang='lat'>(1835)</span> <span class='ocrx_word' id='word_1_296' title='bbox 1138 4450 1166 4500; x_wconf 87' lang='lat' dir='ltr'>p.</span> <span class='ocrx_word' id='word_1_297' title='bbox 1186 4432 1251 4493; x_wconf 51' lang='lat' dir='ltr'>23st</span> <span class='ocrx_word' id='word_1_298' title='bbox 1276 4432 1459 4485; x_wconf 85' lang='lat' dir='ltr'>Gaedeohens</span> 
     </span>
     <span class='ocr_line' id='line_1_39' title="bbox 287 4520 1455 4591; baseline -0.003 -14"><span class='ocrx_word' id='word_1_299' title='bbox 287 4525 315 4577; x_wconf 94' lang='lat' dir='ltr'>in</span> <span class='ocrx_word' id='word_1_300' title='bbox 334 4523 429 4576; x_wconf 82' lang='lat' dir='ltr'>Ersch.</span> <span class='ocrx_word' id='word_1_301' title='bbox 452 4524 481 4575; x_wconf 87' lang='lat' dir='ltr'>et</span> <span class='ocrx_word' id='word_1_302' title='bbox 496 4521 580 4576; x_wconf 83' lang='lat' dir='ltr'>Grub.</span> <span class='ocrx_word' id='word_1_303' title='bbox 599 4523 665 4576; x_wconf 83' lang='lat' dir='ltr'>Lex.</span> <span class='ocrx_word' id='word_1_304' title='bbox 686 4541 707 4576; x_wconf 90' lang='lat' dir='ltr'>s.</span> <span class='ocrx_word' id='word_1_305' title='bbox 721 4542 745 4576; x_wconf 86' lang='lat' dir='ltr'>v.</span> <span class='ocrx_word' id='word_1_306' title='bbox 760 4523 852 4590; x_wconf 87' lang='lat' dir='ltr'>Gorgo</span> <span class='ocrx_word' id='word_1_307' title='bbox 870 4541 897 4591; x_wconf 92' lang='lat' dir='ltr'>p.</span> <span class='ocrx_word' id='word_1_308' title='bbox 911 4522 972 4591; x_wconf 81' lang='lat'>413,</span> <span class='ocrx_word' id='word_1_309' title='bbox 992 4541 1018 4574; x_wconf 85' lang='lat' dir='ltr'>n.</span> <span class='ocrx_word' id='word_1_310' title='bbox 1034 4521 1080 4584; x_wconf 74' lang='lat'>363</span> <span class='ocrx_word' id='word_1_311' title='bbox 1101 4521 1136 4574; x_wconf 86' lang='lat' dir='ltr'>M.</span> <span class='ocrx_word' id='word_1_312' title='bbox 1157 4521 1264 4589; x_wconf 83' lang='lat' dir='ltr'>Meyer,</span> <span class='ocrx_word' id='word_1_313' title='bbox 1287 4520 1455 4590; x_wconf 85' lang='lat' dir='ltr'>Verhandlg.</span> 
     </span>
     <span class='ocr_line' id='line_1_40' title="bbox 288 4611 991 4682; baseline -0.001 -15"><span class='ocrx_word' id='word_1_314' title='bbox 288 4614 338 4667; x_wconf 88' lang='lat' dir='ltr'>der</span> <span class='ocrx_word' id='word_1_315' title='bbox 358 4612 513 4671; x_wconf 85' lang='lat' dir='ltr'>Goeriitzer</span> <span class='ocrx_word' id='word_1_316' title='bbox 532 4612 865 4682; x_wconf 86' lang='lat' dir='ltr'>Philolog.·Versammlg.</span> <span class='ocrx_word' id='word_1_317' title='bbox 885 4631 911 4681; x_wconf 93' lang='lat' dir='ltr'>p.</span> <span class='ocrx_word' id='word_1_318' title='bbox 931 4611 991 4666; x_wconf 85' lang='lat'>338.</span> 
     </span>
    </p>
   </div>
   <div class='ocr_carea' id='block_1_8' title="bbox 0 0 1684 5042">
    <p class='ocr_par' dir='ltr' id='par_1_11' title="bbox 0 0 1684 5042">
     <span class='ocr_line' id='line_1_41' title="bbox 0 0 1684 5042; baseline 0 0"><span class='ocrx_word' id='word_1_319' title='bbox 0 0 1684 5042; x_wconf 95' lang='lat' dir='ltr'> </span> 
     </span>
    </p>
   </div>
  </div>
 </body>
</html>
