3334 5042
795 494 1018 557 ..68-

321 684 622 770 quiboselucetre.
641 704 724 755 sera«
740 688 779 750 de
800 708 838 750 eo
861 686 1005 752 Palladio
1026 687 1082 768 agi
1105 686 1189 768 quod
1224 686 1344 769 templo
1371 685 1489 750 Vestae

320 792 554 858 continebatur.
578 828 621 836 -—
644 791 761 855 Totum
784 797 891 857 autem
914 793 1004 856 illum
1029 792 1174 876 Dionysii
1198 792 1302 855 locum
1337 790 1366 878 (l
1391 795 1430 856 61
1453 799 1490 857 et

321 899 492 977 62‚.-68et
506 896 563 980 69.)
587 906 634 962 exj
658 898 806 965 Varronis
828 898 1052 986 Aodiquitatum
1069 921 1177 962 rerum
1188 898 1393 963 humanarum
1406 899 1489 963 libro

318 1007 420 1073 altero
443 1007 648 1089 desumptum
668 1026 752 1071 ‚esse
777 1005 936 1071 Wissowa
959 1006 1107 1071 ostendit
1132 1005 1279 1084 (Hermes
1307 1004 1400 1069 XXII
1417 1004 1487 1084 40).
1544 1055 1554 1065 .-

318 1112 422 1178 Varro
444 1112 546 1197 igitur
560 1112 608 1199 ab⁵
620 1113 732 1177 Aenea
749 1111 931 1179 Palladium
946 1112 1043 1194 Troja
1061 1112 1190 1179 incensa
1205 1117 1368 1176 servatum
1386 1117 1489 1196 atque

317 1221 358 1282 in
379 1219 514 1285 Italiam
529 1223 734 1303 apportatum
758 1238 827 1285 esse
852 1219 989 1285 volebat.
1042 1218 1212 1293 Quaeritur
1235 1240 1331 1302 quam
1355 1218 1489 1301 antiqua

317 1325 407 1391 haec.
429 1324 563 1392 traditio
577 1325 628 1390 sit
660 1330 760 1410 atquc
780 1324 930 1390 undead
958 1323 1135 1391 Varronem
1148 1323 1315 1404 .·fluxerit,-
1333 1324 1397 1389 uisi
1419 1329 1489 1389 tota

316 1434 357 1499 ab
370 1453 418 1513 >eo
437 1432 520 1499 >fieta
539 1432 593 1498 sit.
660 1477 664 1485 -
1087 1504 1089 1507 ,

345 1585 361 1598 „
396 1538 440 1605 -Si
462 1539 547 1603 enim
570 1559 638 1602 rem
663 1536 847 1620 diligentius
876 1537 1186 1617 consideraverimus,
1216 1537 1393 1602 videbimus
1411 1537 1487 1601 sin·

317 1645 432 1728 gulari
453 1649 539 1709 certa
567 1645 692 1709 ratione
715 1645 899 1726 opinionem
921 1643 1043 1709 Romae
1071 1649 1181 1708 natam
1204 1663 1359 1727 essequa
1383 1643 1486 1708 Palla·

317 1753 402 1816 dium
418 1770 440 1814 a
454 1750 640 1815 Vestalibus
656 1751 1079 1834 custodiriperhibebaturz·
1099 1773 1173 1816 nam
1191 1772 1262 1815 cum
1279 1751 1313 1814 in
1329 1750 1487 1832 plerisque

315 1857 385 1920 aliis
408 1857 539 1921 urbibus
562 1858 787 1941 perantiquum
814 1858 975 1941 quoddam
1005 1857 1145 1921 Palladis
1172 1858 1306 1941 signnm-
1322 1855 1490 1940 apopulo·

316 1984 378 2046 pro
432 1960 575 2028 Palladio
626 1962 764 2045 Trojano
817 1964 1017 2029 venditatum
1061 1962 1169 2041 fuerit,
1225 1961 1344 2026 Romae
1392 1962 1487 2045 plane
1580 1995 1582 1999 ·

318 2069 601 2153 nihil-intemplo
625 2069 742 2135 Vestae
770 2068 1043 2153 conspiciebatur.·
1085 2069 1136 2134 Ex
1161 2091 1227 2152 quo
1256 2069 1388 2132 dubium
1406 2068 1486 2132 mihi

315 2197 379 2240 nou
409 2176 534 2241 videtur
567 2176 647 2258 quin
674 2173 853 2240 Palladium
882 2177 928 2240 ibi
955 2176 1177 2243 absconditum
1205 2196 1273 2240 esse
1301 2175 1350 2239 vir
1373 2173 1486 2240 doctus

315 2282 444 2364 quidam
469 2282 649 2366 litterisque
674 2279 802 2346 Graecis
826 2281 970 2347 eruditus
993 2281 1348 2366 primuseontenderit.
1381 2280 1485 2345 >Varro

313 2394 418 2452 autem
443 2389 468 2452 is
485 2389 569 2452 hand
586 2387 685 2453 dubie
709 2410 773 2452 non
797 2387 869 2466 fuit,
890 2410 961 2452 cum
985 2392 1052 2453 eius
1069 2390 1291 2472 Antiquitates
1315 2409 1375 2450 rer.
1394 2386 1483 2451 hum.

314 2496 396 2559 circa
419 2518 447 2559 a.
471 2495 513 2558 47
539 2494 643 2560 editae
665 2495 738 2572 sint,
762 2500 859 2577 atque
880 2496 946 2578 jam
970 2495 1156 2560 aCicerone
1178 2497 1213 2558 in
1229 2495 1373 2560 oratione
1395 2491 1484 2571 aad

313 2623 371 2684 pro
411 2600 530 2666 Scauro
564 2600 678 2666 habita
712 2599 846 2666 Palladii
886 2601 1023 2667 Romani
1063 2604 1184 2666 mentio
1217 2602 1284 2665 fiat.
1331 2600 1431 2664 Immo
1467 2622 1484 2664 e

312 2707 407 2771 modo
432 2728 495 2790 quo
519 2705 629 2772 Cicero
653 2706 859 2772 de-Palladio
883 2731 919 2773 ac
943 2709 1128 2792 praesertim
1153 2707 1195 2772 de
1216 2708 1347 2772 Metello
1371 2705 1484 2792 quiid

311 2815 483 2878 servaverit
514 2815 611 2877 verba
644 2811 721 2878 facit
739 2835 826 2878 ¹meo
858 2815 979 2897 judicio
1013 2815 1229 2899 colligendum
1258 2819 1316 2890 est,
1346 2836 1397 2877 res
1414 2815 1483 2897 jam

310 2921 388 2984 satis
430 2925 525 2984 notas
561 2920 768 3004 vulgatasque
804 2921 845 2983 ab
888 2941 925 2985 eo
967 2922 1160 3003 significaris
1218 2919 1376 2996 Quoniam
1409 2940 1482 2984 vero

311 3026 386 3090 talis
409 3028 518 3110 opinio
541 3027 703 3110 paulisper
731 3031 859 3090 tantum
889 3027 983 3091 fidem
1007 3028 1069 3091 sibi
1092 3028 1180 3105 facit,
1210 3028 1244 3090 in
1267 3027 1482 3110 antiquiorem

311 3137 452 3197 aetatem
491 3133 584 3197 nobis
606 3133 891 3217 *progrediendum
919 3138 986 3197 est.
1027 3170 1067 3179 —
1108 3133 1137 3196 Α
1178 3132 1324 3198 Varrone
1363 3138 1481 3210 autem,

310 3261 382 3302 cum
406 3240 625 3318 narrationem
658 3240 746 3302 illam
783 3239 996 3304 conscriberet
1030 3260 1111 3322 quae
1146 3240 1239 3313 uobis
1273 3263 1292 3303 a
1326 3238 1481 3322 Dionysio

229 3420 231 3425 ,
310 3351 437 3421 serrata
460 3351 517 3423 est,
540 3347 713 3429 scriptores
738 3344 877 3411 Graecos
899 3345 1062 3410 adhibitos
1085 3344 1346 3421 fuissevconstat.
1388 3345 1481 3420 Quod

310 3453 397 3513 enim
418 3453 457 3515 ad
478 3452 619 3534 priorem
652 3457 775 3536 partem
810 3452 938 3530 attinet,
973 3452 1006 3515 in
1043 3473 1107 3534 qua
1134 3453 1175 3515 de
1198 3449 1334 3516 Palladii
1358 3452 1480 3536 origine

311 3561 471 3621 tractatur
493 3555 545 3642 {(v.
570 3558 656 3622 infra
678 3581 709 3642 p.
735 3556 798 3637 75),
835 3558 896 3622 hoc
918 3579 960 3621 ex
987 3557 1114 3622 oraculo
1142 3558 1335 3622 hexametris
1357 3558 1481 3642 graems

309 3662 454 3727 confecto
478 3664 595 3743 elucet3
618 3664 741 3728 accedit
757 3665 842 3748 quod
865 3687 884 3728 a
909 3664 1063 3748 Dionysio
1079 3663 1280 3730 Callistratus
1297 3669 1329 3728 et
1344 3663 1480 3749 Satyrus

309 3790 326 3832 e
351 3769 493 3834 Varrone
515 3769 689 3836 laudantur
713 3770 790 3853 (vid.
807 3768 966 3835 Wissowa
982 3774 1092 3854 plo).
1131 3771 1211 3836 Cum
1236 3777 1345 3836 tamen
1368 3792 1408 3835 ex
1426 3770 1480 3844 his

308 3877 489 3940 auctoribus
516 3898 560 3942 aa
583 3878 752 3960 desumpta
781 3899 848 3941 esse
877 3878 1043 3942 videantur
1071 3900 1153 3962 quae
1179 3879 1219 3942 ad
1243 3877 1480 3943 Samothracem

307 3982 455 4066 locosque
470 3984 632 4066 pertinent
648 3983 703 4048 ubi
725 3987 823 4047 antea
841 3983 1014 4049 Palladium
1034 3985 1107 4061 fuit,
1125 3985 1301 4050 Varronem
1318 3989 1428 4049 contra
1443 4007 1480 4047 ea

307 4079 438 4170 quande
452 4089 578 4153 Aeneae
594 4089 685 4152 exitu
696 4094 809 4154 narrat
821 4111 862 4154 ex
880 4090 1002 4157 ulmea
1015 4090 1156 4154 hausisse
1169 4090 1378 4175 Lycophrona
1393 4090 1478 4154 1263

306 4182 801 4278 sqq.‚s0h01.ver‹'›.n.sen.n
825 4195 900 4271 717,
926 4184 1036 4260 servio
1060 4196 1091 4260 11
1115 4196 1180 4261 see
1203 4198 1300 4261 arrato
1326 4182 1479 4275 Wissowa

306 4306 391 4364 recte
415 4302 548 4365 monuit.
574 4339 618 4346 —
652 4301 799 4366 Timaeus
834 4301 874 4365 da
901 4299 1074 4366 Penatibus
1097 4301 1252 4368 Romanis
1270 4303 1476 4382 disseruerat,
