3334 5042
1752 318 1823 374 52

658 501 824 557 canis
869 494 1011 556 ille?
1095 498 1482 555 Meminimus
1519 500 1687 572 apud
1720 497 2054 554 Homerum
2087 495 2123 556 λ
2156 497 2277 555 634
2309 491 2605 570 Γοργείην
2646 489 2932 571 κεφαλήν

659 603 828 678 apud
872 599 1293 676 Proserpinam
1329 599 1397 656 -in
1438 585 1639 656 inferis
1685 598 1977 659 habitare.
2066 597 2267 654 Etiam
2307 596 2607 672 Vergilius
2656 597 2811 658 Aen.
2843 595 2932 654 VI

650 705 770 761 289
820 700 1144 778 Gorgones
1192 720 1327 759 cum
1382 701 1511 759 aliis
1555 701 1836 759 monstris
1890 701 1953 757 in
1997 700 2323 760 inferorum
2364 699 2609 757 introitu
2655 699 2927 756 collocat.

652 803 808 862 Puto
854 802 1115 860 artifices
1160 802 1392 861 ionicos
1435 802 1585 859 illud
1630 802 1873 860 fabulae
1913 810 2290 859 momentum
2320 801 2381 858 in
2415 801 2619 859 animo
2650 799 2931 858 habuisse

655 913 840 982 atque
885 905 1030 963 ideo
1076 902 1368 962 Perseum
1416 905 1497 962 ad
1541 903 1767 961 inferos
1822 904 2305 961 descendentem
2360 901 2597 978 fecisse,
2663 901 2765 959 ubi
2808 901 2933 959 Me·

651 1007 868 1064 clusam
912 1005 1295 1065 interficeret.
1383 1005 1560 1062 Tunc
1603 1005 1771 1065 canis
1815 1004 1910 1063 ille
1955 1003 2253 1063 Cerberus
2298 1013 2409 1072 est,
2460 1019 2640 1077 quem
2679 1001 2934 1059 Perseus

653 1107 1224 1186 praeterire'debet‚
1263 1114 1330 1163 ut
1362 1123 1565 1163 rursus
1596 1107 1678 1164 ad
1722 1106 1917 1164 lucem
1960 1105 2303 1181 perveniat;
2352 1103 2505 1162 colle
2550 1111 2757 1159 autem
2796 1109 2937 1177 post

652 1226 837 1287 quem
882 1209 1050 1284 canis
1091 1208 1268 1265 sedet
1316 1207 1377 1263 in
1420 1206 1765 1282 anaglypho
1797 1207 2085 1281 Trysae0,
2131 1206 2380 1264 indicari
2417 1206 2661 1262 videtur
2690 1202 2938 1262 Cerberi

648 1319 904 1368 antrum.

851 1409 1120 1468 Tertiam
1169 1409 1226 1466 V
1269 1410 1494 1468 saeculi
1539 1411 1907 1487 sculpturam
1951 1409 2071 1468 hoc
2116 1411 2251 1469 loco
2298 1410 2654 1484 subiungam
2696 1407 2936 1483 anagly-

655 1511 842 1587 phum
900 1511 1308 1570 melicum
1363 1513 1422 1568 K
1468 1513 1566 1571 30.
1664 1512 1756 1569 Ibi
1817 1511 2073 1570 Perseus
2132 1529 2290 1588 equo
2354 1519 2561 1568 vectus
2616 1509 2941 1587 Medusam

540 1656 544 1661 .
649 1613 915 1687 necavit,
985 1630 1144 1689 quae
1198 1630 1444 1688 pugnae
1505 1611 1699 1670 forma
1752 1614 1913 1671 adeo
1967 1613 2167 1670 aliena
2209 1621 2302 1670 est
2346 1612 2422 1670 ab
2468 1613 2760 1686 antiquae
2806 1611 2941 1670 artis

657 1715 903 1783 Persen,
971 1722 1038 1771 ut
1104 1731 1241 1772 eam
1310 1714 1612 1789 explicare
1667 1732 1795 1772 non
1848 1732 2176 1790 possemUS‚
2242 1714 2355 1772 nisi
2408 1715 2650 1771 adesset
2694 1715 2943 1772 alterum

662 1813 1088 1891 anaglyphum,
1134 1815 1195 1871 in
1242 1832 1363 1890 quo
1408 1814 1915 1890 Bellerophontes
1962 1814 2348 1897 Chimaeram
2393 1815 2679 1892 debellat,
2734 1824 2941 1873 nostro

663 1917 843 1993 plane
889 1916 1264 1992 respondens
1309 1923 1492 1991 atque
1534 1913 1656 1973 una
1698 1915 2029 1977 inventum.
2120 1915 2258 1988 Qua
2302 1935 2364 1973 re
2405 1917 2484 1974 ad
2523 1917 2786 1973 eandem
2818 1933 2941 1973 rem

660 2026 982 2091 utrumque
1025 2016 1438 2092 anaglyphum
1469 2018 1827 2093 pertinuisse
1864 2017 2074 2075 Brunn
2120 2019 2382 2076 coniecit
2406 2014 2448 2092 ¹,
2496 2018 2599 2093 qui
2647 2018 2946 2076 imitatum

663 2136 795 2177 esse
838 2126 1016 2193 putat
1061 2117 1348 2177 artificem
1393 2119 1738 2196 anaglypha
1781 2139 1819 2178 a
1847 2119 2267 2196 Thrasymede
2311 2120 2374 2178 in
2417 2121 2567 2179 solio
2600 2119 2946 2195 Aesculapii

658 2219 973 2296 Epidaurii
1036 2219 1272 2294 sculpta
1297 2216 1340 2279 ².
1442 2218 1618 2293 Quae
1674 2221 1779 2278 viri
1847 2221 2181 2279 doctissimi
2242 2221 2591 2280 coniectura
2655 2221 2945 2280 refutatur

662 2319 1053 2395 inscriptione
1084 2320 1380 2395 Epidauri
1420 2330 1661 2397 reperta
1688 2317 1713 2358 3
1755 2340 1878 2399 qua
1907 2303 2389 2406 Thrasymedem
2434 2331 2651 2397 quarto
2698 2323 2945 2380 demum

661 2421 909 2479 saeculo
955 2420 1170 2479 vixisse
1215 2421 1523 2480 evincitur.
1611 2424 1865 2482 Rectius
1909 2424 2090 2499 igitur
2142 2425 2272 2485 iam'
2320 2434 2503 2485 antea
2545 2422 2895 2482 Loeschcke
2919 2420 2947 2459 4

658 2541 735 2580 ex
781 2525 1003 2582 eodem
1049 2523 1387 2582 traditionis
1423 2523 1603 2582 sonte
1647 2533 1967 2600 utrumque
2016 2526 2302 2584 artificem
2350 2526 2617 2584 hausisse
2665 2525 2894 2583 docuit.

855 2623 939 2683 Ut
961 2641 1247 2683 vasorum
1277 2624 1728 2699 pingendorum
1773 2643 1867 2683 ars
1911 2627 2204 2702 processit
2234 2635 2417 2702 atque
2447 2646 2484 2683 e
2525 2644 2737 2684 severa
2778 2625 2943 2684 facta

660 2735 750 2785 est
795 2725 1064 2802 pulchra,
1122 2725 1314 2800 magis
1365 2726 1682 2802 magisque
1729 2727 1993 2802 pictores
2038 2728 2289 2802 vestigia
2332 2735 2606 2786 veterum
2652 2727 2947 2785 artificum

654 2829 1028 2904 reliquerunt
1081 2835 1264 2902 atque
1317 2844 1481 2885 nova
1534 2835 1599 2884 et
1655 2827 1989 2886 difficiliora
2041 2829 2122 2886 acl
2177 2827 2555 2903 pingendum
2606 2829 2717 2886 sibi
2761 2846 2945 2903 quae-

659 2930 903 3004 sierunt.

857 3031 930 3088 In
961 3030 1263 3088 Medusae
1309 3031 1504 3088 caede
1541 3031 1856 3106 pingenda
1900 3049 2023 3088 non
2069 3032 2189 3088 iam
2234 3033 2296 3088 id
2342 3032 2633 3107 temporis
2677 3049 2947 3090 momen—

659 3141 784 3189 tum
822 3131 1080 3209 eligitur‚
1125 3147 1248 3207 quo
1281 3130 1537 3190 Perseus
1566 3130 1869 3189 Medusae
1902 3141 2087 3208 caput
2118 3143 2379 3202 resecat,
2420 3134 2531 3191 sed
2575 3141 2951 3192 momentum

660 3233 1064 3291 antecedens:
1139 3232 1391 3292 Perseus
1443 3233 1744 3290 Medusae
1800 3233 2125 3290 dormienti
2187 3253 2224 3290 o
2249 3237 2288 3293 b
2317 3253 2399 3292 re
2425 3235 2556 3309 pit
2603 3231 2691 3306 (H
2743 3227 2949 3308 1—3).

666 3333 803 3390 Tali
844 3336 1034 3392 modo
1078 3353 1305 3393 scaena
1334 3335 1437 3392 illa
1467 3334 1720 3410 antiquo
1752 3342 1982 3391 terrore
2012 3335 2277 3409 orbatur,
2324 3334 2733 3410 spectantium
2764 3333 2953 3393 animi

661 3435 852 3509 magis
896 3437 1311 3495 attenduntur.
1400 3435 1716 3508 Quantum
1766 3436 1848 3493 ad
1893 3436 2299 3510 mitigandum
2345 3436 2658 3513 Gorgonei
2720 3437 2955 3493 vultum

668 3554 895 3594 scaena
936 3537 1023 3595 ita
1065 3539 1380 3596 immutata
1421 3538 1672 3595 valuerit
1717 3555 1898 3613 supra
1944 3538 2288 3598 monstravi.

858 3638 1060 3697 Etiam
1105 3657 1267 3697 nova
1312 3646 1374 3695 et
1421 3638 1696 3697 inaudita
1731 3640 1982 3714 pingere
2012 3641 2242 3696 audent
2273 3638 2471 3713 figuli:
2519 3639 2810 3698 Graeae
2856 3639 2958 3696 vix

665 3739 1041 3814 cogitatione
1072 3739 1505 3815 exprimendae
1537 3740 1871 3815 pinguntur
1900 3741 1977 3814 (E
2003 3736 2098 3818 1);
2144 3749 2288 3797 ante
2319 3741 2721 3815 spectantium
2745 3741 2959 3799 oculos

857 3917 879 3955 1
913 3921 1059 3972 Abh.
1098 3921 1150 3972 d.
1188 3919 1406 3971 Miinch.
1445 3921 1554 3972 Ak.
1596 3920 1734 3974 1872
1770 3939 1821 3987 p.
1862 3920 1982 3974 535.

857 4006 882 4044 2
918 4011 984 4061 cf.
1023 4012 1181 4062 Paus,
1219 4011 1274 4058 11
1312 4009 1396 4061 27.
1471 4011 1617 4059 Idem
1674 4010 1896 4060 Brunnii
1934 4011 2290 4075 disputatione
2327 4027 2436 4061 non
2472 4011 2679 4075 cognita
2727 4011 2961 4060 coniecit

657 4100 765 4164 six,
805 4100 872 4149 de
915 4100 1162 4161 Gorgone
1199 4114 1250 4162 p.
1291 4097 1374 4149 55.

858 4183 882 4220 3
917 4187 994 4238 Cf.
1034 4187 1260 4235 Foucart
1298 4186 1439 4237 Bull.
1500 4187 1569 4234 de
1626 4201 1758 4238 corr.
1799 4187 1929 4236 hell.
1968 4190 2106 4237 XIV
2146 4205 2197 4254 p.
2238 4187 2367 4255 5923
2424 4188 2619 4237 Gurlitt
2655 4185 2816 4239 Arch.
2872 4202 2963 4253 ep.

661 4277 796 4328 Mitt.
839 4293 883 4328 a.
922 4277 1016 4327 Oe.
1055 4264 1194 4324 XIV
1231 4291 1282 4338 p.
1326 4274 1443 4327 129.

856 4361 879 4397 “²
918 4366 999 4413 De
1038 4363 1152 4412 basi
1194 4364 1443 4430 Spartana
1484 4381 1534 4429 p.
1573 4363 1659 4415 45.
