3334 5042
298 1127 444 1192 Fabulae
469 1150 553 1214 quae
579 1126 620 1191 de
637 1127 767 1213 Pegaso
790 1123 951 1209 feruntur,
980 1150 999 1190 a
1023 1124 1152 1192 duobus
1176 1126 1255 1190 viris
1278 1123 1382 1190 doctis

212 1234 385 1319 diligenter
409 1235 542 1321 quidem
566 1243 723 1298 tractatae
748 1245 837 1298 sunt:
862 1235 1015 1315 Lenzi0¹)
1042 1243 1074 1298 et
1089 1234 1306 1317 Krabnero2)3
1325 1234 1384 1298 sed

212 1365 324 1407 eorum
362 1343 610 1407 dissertationes
654 1363 865 1428 quamquam*
889 1343 977 1406 omni
1011 1340 1109 1406 laude
1145 1342 1262 1426 dignae
1299 1350 1383 1419 sunt,

209 1459 317 1514 tamen
343 1448 383 1514 ob
410 1470 483 1514 eam
506 1451 650 1512 maxime
680 1471 814 1513 causam
845 1448 1088 1526 obsoleverunt,
1120 1447 1208 1534 quod
1236 1457 1383 1535 tempore

209 1557 439 1644 progrediente
463 1558 600 1621 materia
635 1551 817 1641 argumenti
852 1554 989 1620 multum
1019 1564 1115 1620 aucta
1144 1564 1202 1621 est.
1249 1556 1384 1620 Praeter

210 1663 271 1728 hos
296 1663 443 1728 nonnulli
467 1666 529 1728 viri
553 1662 641 1728 docti
665 1664 841 1727 occasione
866 1663 941 1727 data
964 1661 1006 1727 (10
1029 1663 1092 1727 bac
1116 1661 1170 1727 vel
1193 1660 1248 1727 illa
1271 1661 1383 1728 fabula

214 1771 316 1836 verba
339 1772 498 1852 fecerunt,
525 1769 585 1834 sed
610 1779 745 1856 propter
768 1770 854 1835 hanc
878 1773 983 1856 ipsam
1007 1794 1088 1853 rem,
1114 1769 1202 1856 quod
1226 1793 1291 1835 non
1314 1773 1385 1835 uni-

212 1902 328 1944 versas
352 1861 582 1965 resperserunt,
600 1878 687 1942 baud
713 1901 786 1942 raro
810 1880 844 1942 in
869 1900 997 1943 errores
1020 1879 1146 1942 inducti
1171 1887 1255 1943 sunt.
1293 1877 1386 1958 Quae

211 2009 285 2050 cum
308 1989 353 2051 ita
369 1996 491 2069 essent,
517 1986 703 2050 contlnuam
728 1984 910 2050 fabularum
935 1987 1126 2050 memoriam
1149 1985 1296 2050 recolere
1320 2009 1386 2050 non

212 2094 324 2158 inutile
347 2092 531 2159 videbatur.

299 2187 400 2266 Hanc
420 2211 528 2266 autem
566 2201 752 2265 disserendi
780 2203 868 2265 viam
895 2199 1062 2282 inibimus,
1098 2209 1135 2264 111
1168 2202 1309 2287 primum
1345 2201 1386 2265 de

211 2306 333 2374 fabulis
370 2331 453 2394 quae
479 2331 553 2373 cum
577 2309 697 2394 Pegasi
725 2317 797 2372 01111
826 2307 1011 2391 cohaerent,
1044 2307 1163 2372 deinde
1193 2305 1233 2372 de
1257 2308 1386 2393 Pegaso

213 2439 287 2479 cum
325 2415 580 2503 Bellerophonte
621 2417 805 2497 coniuncto,
846 2425 914 2480 tum
954 2415 995 2479 de
1026 2415 1146 2500 Pegasi
1183 2413 1387 2501 fontiumque

216 2545 343 2587 conexu
374 2523 531 2587 dicamus¹
578 2521 789 2587 Perlustratis
818 2532 928 2586 autem
954 2521 1092 2608 singulis
1116 2521 1237 2587 fabulis
1261 2522 1302 2587 de
1327 2523 1388 2588 alis

213 2630 341 2715 Pegaso
359 2630 533 2712 attributis,
559 2630 599 2694 de
622 2632 754 2695 nomine
779 2632 862 2713 eius,
887 2631 928 2694 de
952 2628 1084 2695 fabulae
1114 2629 1388 2717 explicationibus

214 2737 317 2803 verba
340 2738 512 2803 faciemus.
724 2727 726 2740 '

780 2933 811 2997 A

230 3061 291 3157 lle
325 3058 492 3197 tabulis
527 3083 638 3178 quae
673 3060 730 3155 ad
762 2986 924 3178 Peoasi
958 3066 1100 3157 0111111
1133 3063 1366 3180 pertinent.

550 3238 580 3304 1.
605 3238 657 3304 110
680 3237 810 3319 Pegasi
833 3239 1056 3323 parentibus.

306 3366 335 3430 1.
360 3361 524 3449 Pegasum
553 3364 697 3449 Neptuni
733 3374 766 3427 et
793 3363 952 3428 Medusae
988 3365 1090 3430 filium
1127 3389 1201 3430 esse
1238 3364 1389 3430 omnibus

217 3496 282 3539 uno
318 3483 458 3557 excepto
487 3471 569 3535 locis
589 3470 751 3535 traditum
781 3481 841 3536 est.
888 3473 963 3537 Uno
992 3482 1101 3538 autem
1130 3475 1202 3538 loco
1234 3497 1298 3560 quo
1328 3472 1391 3538 alia

216 3581 336 3666 Pegasi
352 3577 546 3665 genealogia
562 3579 735 3660 invenitur,
760 3579 924 3664 Pegasis
949 3581 1111 3664 quaedam
1128 3603 1203 3646 eum
1220 3583 1390 3667 peperisse

217 3689 344 3752 dicitur.
393 3686 457 3766 Qui
482 3694 589 3749 exstat
612 3685 700 3771 apud
724 3686 905 3751 Verrium
928 3686 1126 3755 Flaccum:
1151 3690 1290 3772 lupulus,
1318 3691 1340 3753 u'.
1365 3674 1396 3753 e(

219 3803 357 3878 equester
379 3794 549 3876 Neptunus
572 3794 674 3858 dietus
701 3800 755 3875 est,
791 3795 838 3859 uel
862 3847 868 3859 .
895 3849 901 3861 .
927 3846 933 3858 .
961 3848 967 3861 .
1003 3798 1050 3861 uel
1078 3798 1161 3878 quod
1186 3797 1329 3880 Pegasus
1355 3817 1392 3861 eu

221 3925 254 3969 eo
278 3910 308 3967 et
333 3902 489 3987 Pepastde
511 3906 609 3966 uetus
631 3903 675 3965 su
699 3947 707 3964 .
735 3953 740 3965 .
767 3949 775 3965 .
802 3951 808 3963 .
833 3901 968 3985 (Paulus
992 3904 1081 3969 Fest.
1108 3928 1134 3969 s.
1159 3928 1189 3970 v.
1213 3903 1345 3990 hippius
1362 3927 1393 3989 p.

222 4012 297 4093 101,
327 4011 364 4074 11
389 4007 551 4091 Mueller).
600 4006 696 4087 Quod
721 4031 738 4072 e
764 4009 893 4074 Graeco
918 4011 1007 4076 fonte
1031 4014 1203 4098 repetitum
1229 4033 1303 4076 esse
1327 4032 1393 4074 vox

219 4122 292 4206 ipsa
314 4121 444 4200 hippius
468 4118 680 4182 demonstrat.
728 4116 810 4182 Cum
835 4128 944 4182 autem
969 4119 1124 4205 Pegasidi
1147 4121 1221 4184 voci
1248 4120 1336 4182 notio
1362 4127 1394 4182 et

311 4298 331 4384 1)
353 4284 429 4350 taor
448 4294 493 4347 aa
512 4293 600 4347 raba
620 4293 669 4347 aas
688 4293 821 4362 Pegasus,
841 4295 935 4349 Neuer
960 4296 1106 4349 teutsche·
1124 4294 1240 4349 uerkur
1258 4294 1350 4361 (1796)
1364 4293 1394 4345 n

219 4407 247 4457 p·
266 4386 439 4545 2lllllsgrseh
462 4474 520 4528 und
539 4474 655 4543 Gruber‚
677 4474 852 4542 Allgemeine
881 4475 1031 4544 Encyelop.
1061 4475 1110 4527 der
1138 4472 1309 4527 Wissenseh.
1337 4470 1393 4524 uns'

222 4567 329 4620 Kiinste
349 4584 369 4618 s.
389 4584 414 4618 v.
434 4565 559 4634 Pegasus
578 4582 605 4632 p.
625 4563 678 4616 455
698 4582 737 4633 sq.
758 4565 861 4634 (1840).

275 4675 405 4729 Hannlg,
419 4674 453 4718 De
467 4674 568 4727 Pegaso.
1222 4654 1235 4704 l
