3334 5042
771 337 827 397 tt‘

276 611 321 691 lb.
362 617 435 690 Pro
465 617 603 692 Perseo
632 615 806 692 Minerva
833 614 1058 727 aggreditur
1085 612 1299 690 Medusam.

609 771 667 832 Vas
685 772 798 845 pictam
818 771 869 844 dp.
892 772 957 829 rub.

311 900 453 982 Stamnus
478 923 578 981 Volcis
608 923 757 995 inventus
790 921 829 979 cl.
861 923 902 978 de
924 918 1015 978 Witte
1044 928 1103 979 cat.
1132 918 1187 978 etr.
1212 919 1261 991 st,
1294 927 1353 977 cat.

215 1005 359 1099 Beugnot
381 1025 430 1083 34.

310 1124 446 1182 Minerva
460 1125 547 1183 hasta
562 1125 640 1201 petit
657 1124 823 1182 Medusam
847 1123 974 1199 antiquo
995 1139 1080 1179 more
1102 1122 1204 1180 fictam
1220 1122 1356 1198 singulos

214 1234 370 1299 serpentes
391 1226 532 1284 manibus
555 1233 720 1285 tenentem.
763 1226 810 1283 Ab
826 1227 920 1284 altera
944 1224 1101 1283 Minervae
1123 1232 1209 1299 parte
1229 1223 1359 1281 Perseus

214 1325 329 1382 iuvenis
353 1328 452 1402 capite
475 1344 582 1385 averso
604 1327 742 1401 gladium
766 1328 892 1400 stringit.

248 1649 300 1727 K.
338 1653 498 1728 Perseus
525 1664 612 1749 post
640 1649 840 1728 Medusam
868 1650 1111 1729 interfectam
1141 1649 1313 1729 discedit.

448 1804 650 1862 Monumenta
674 1823 754 1882 quae
776 1824 816 1863 ex
839 1805 944 1863 litteris
967 1806 1117 1865 novimus

309 1976 336 2016 a.
367 1955 441 2016 Hes.
463 1956 546 2017 Scut.
573 1957 667 2017 Herc.
692 1977 739 2016 vv.
763 1959 919 2019 ate—37.
964 1958 1095 2017 Perseus
1132 1956 1311 2016 describitur
1340 1976 1359 2015 a

217 2057 338 2116 duabus
361 2057 558 2133 Gorgonibus
581 2060 722 2136 agitatus.
766 2060 801 2117 In
823 2062 935 2118 eodem
956 2064 1030 2121 orbe
1055 2070 1161 2137 portus
1184 2069 1250 2117 erat
1270 2060 1359 2136 pisci·

212 2161 268 2217 bus
292 2159 420 2218 refertus
448 2170 478 2218 et
509 2161 653 2236 piscator,
687 2177 763 2237 quos
796 2180 865 2220 cum
896 2180 1010 2222 scaena
1043 2171 1147 2222 nostra
1179 2162 1358 2221 coniunctos

215 2260 309 2319 fuisse
332 2262 460 2320 coniecit
485 2262 589 2320 Brunn
611 2263 690 2324 Abh.
712 2265 743 2323 d.
767 2264 839 2324 bair.
863 2264 919 2326 At.
941 2265 984 2324 XI
1007 2284 1036 2341 p.
1060 2267 1108 2325 20.

313 2363 341 2422 b.
374 2363 445 2423 Eur.
476 2362 521 2424 El.
551 2365 612 2425 458
639 2382 678 2424 ss
710 2365 857 2423 describit
888 2366 1011 2425 Achillis
1048 2374 1176 2436 scutum,
1209 2365 1294 2424 cuius
1327 2365 1359 2423 in

215 2464 352 2539 margine
367 2463 496 2523 Perseus
511 2465 661 2524 Medusae
683 2476 775 2542 caput
794 2476 920 2543 portans
937 2477 969 2525 et
984 2467 1153 2526 Mercurius
1169 2483 1261 2542 super
1275 2483 1358 2524 mare

215 2564 381 2641 fugiebant.

314 2688 340 2726 c.
362 2669 397 2726 ln
420 2688 492 2729 arca
514 2669 633 2747 Cypseli
654 2672 816 2748 Gorgones
839 2673 939 2732 alatae
956 2672 1104 2730 Perseum
1120 2670 1274 2728 volantem
1288 2687 1357 2745 per-

213 2778 338 2829 secutae
361 2771 450 2831 fictae
481 2781 576 2832 erant.
620 2773 741 2833 Nomen
763 2774 875 2832 Perseo
910 2774 966 2832 soli
993 2773 1182 2848 adscriptum
1219 2781 1283 2829 erat
1306 2765 1357 2845 (cf.

213 2871 291 2929 infra
313 2870 343 2928 K
369 2866 401 2951 6)
423 2872 512 2934 Paus.
535 2874 563 2930 V
588 2876 635 2950 18,
660 2880 686 2935 5.

312 2974 343 3033 d.
366 2973 554 3050 Pythagoras
584 2976 742 3053 Rheginos
774 2977 847 3036 lecit
871 2978 975 3035 Persei
999 2985 1141 3051 statuam,
1176 2994 1256 3051 quae
1276 2971 1357 3034 ‘alas

212 3069 359 3132 habebat*
383 3074 444 3132 mo
465 3075 570 3153 chrys.
594 3095 637 3137 οι.
661 3062 711 3149 ai,
737 3081 774 3138 10
798 3075 840 3155 (p.
866 3081 925 3138 roc
940 3079 984 3154 a).

313 3192 339 3234 e.
368 3175 455 3253 Myro
485 3171 576 3237 ‘fecit
598 3190 631 3237 et
650 3176 829 3238 Perseum’1
852 3180 928 3239 Plin.
955 3182 1003 3257 34,
1028 3182 1077 3238 57.
1120 3179 1261 3239 Eandem
1296 3189 1357 3238 ste·

214 3284 298 3333 tuam
320 3275 486 3337 Pausanias
509 3280 584 3337 vidit
605 3282 636 3338 in
659 3298 729 3340 arce
746 3282 952 3341 Athenarum:
977 3277 1139 3356 Μύρωνος
1162 3276 1296 3356 Περσέα
1318 3277 1356 3340 τὸ

213 3374 249 3452 ἐς
272 3373 449 3440 Μέδουσαν
471 3375 567 3457 ἔργον
590 3376 800 3459 εἰργασμένον
822 3380 851 3460 (Ι
874 3385 921 3452 23,
946 3379 988 3460 t).

318 3661 329 3699 ¹
348 3666 422 3730 Quae
441 3674 584 3732 sequuntur
601 3668 682 3717 verba
699 3662 739 3718 ‘et
757 3661 861 3733 pristas’
882 3683 940 3717 cum
959 3668 1061 3718 Perseo
1081 3665 1241 3729 coniungere
1261 3665 1356 3715 trustra

211 3753 296 3803 conati
315 3761 375 3804 sunt
392 3754 440 3804 viri
456 3755 537 3807 docti.
574 3756 671 3806 Obstat
690 3757 815 3822 imprimis
829 3757 977 3807 Pausaniae
1001 3756 1192 3820 testimonium
1210 3754 1264 3803 duo
1285 3754 1355 3802 enim

211 3843 302 3893 Persei
320 3843 443 3909 Myronei
463 3844 594 3894 statuendi
614 3852 709 3906 essent,
736 3846 758 3894 si
778 3861 801 3896 e.
820 3861 846 3908 g.
865 3845 960 3911 pristas
973 3859 1033 3895 esse
1052 3850 1166 3893 monstra
1184 3842 1284 3892 marina
1303 3857 1356 3890 cre-

213 3931 343 3983 deremus.
380 3931 448 3980 Prae
476 3932 569 3982 ceteris
594 3932 735 3983 infeliciter
753 3949 837 3999 nuper
855 3934 893 3985 M.
913 3934 1006 3998 Meyer
1024 3931 1136 3983 coniecit
1156 3930 1265 3996 (Athen.
1283 3930 1356 3981 Mitt.

213 4019 284 4070 XVI
301 4035 327 4084 p.
345 4017 410 4084 246)
429 4021 517 4072 verbis
536 4021 676 4072 ‘Perseum
703 4028 729 4071 et
756 4016 862 4088 pristas’
884 4021 1026 4084 significari
1048 4021 1158 4071 Danaen
1181 4027 1208 4069 et
1230 4020 1355 4069 Perseum

213 4125 298 4159 coram
315 4108 423 4159 Acrisio
443 4117 469 4159 et
486 4111 566 4160 fabris
596 4111 714 4175 lignariis
734 4126 792 4162 arca
810 4110 995 4169 includendos,
1021 4126 1089 4176 quos
1110 4109 1225 4158 vidimus
1243 4109 1271 4157 in
1287 4108 1355 4157 vasis

212 4198 290 4264 pictis
309 4199 332 4246 B
352 4197 375 4259 1,
394 4198 419 4252 2.
456 4198 522 4266 Quis
542 4199 647 4249 tandem
673 4200 754 4251 talem
783 4215 903 4250 scaenam
923 4208 1028 4249 vocaret
1047 4199 1173 4249 Perseum
1192 4205 1219 4247 et
1238 4194 1355 4262 pristas?

211 4283 308 4348 Neque
326 4285 396 4333 enim
413 4285 526 4336 Perseus
545 4303 594 4337 nec
612 4288 688 4339 faber
706 4288 832 4352 lignarius
852 4289 948 4354 primas
961 4294 1049 4353 partes
1062 4288 1116 4351 agit
1129 4287 1156 4336 in
1169 4286 1224 4335 illis
1237 4284 1355 4352 picturis,

183 4372 186 4377 ’
213 4378 259 4426 sed
269 4377 359 4428 Danae
369 4386 395 4427 et
404 4377 534 4430 Acrisius.
551 4379 591 4456 Ci.
603 4379 747 4441 Collignon
758 4379 829 4430 Hist.
840 4379 873 4427 de
883 4377 908 4427 la
918 4377 1050 4443 sculpture
1061 4391 1175 4442 grecque
1186 4392 1211 4441 p.
1222 4373 1282 4434 465,
1293 4373 1354 4426 477.

1140 4465 1157 4518 2
