3334 5042
865 294 885 359 6

288 492 393 576 phora
421 491 578 554 Boeotica
613 489 709 553 fictae
739 489 882 553 humana
911 491 1024 575 speeie
1053 498 1112 554 est.
1159 489 1315 555 Attamen
1350 492 1464 576 ipsae

289 596 501 662 similitudine
537 605 718 659 ceterarum
754 594 940 660 fabularum
974 619 1034 682 pro
1071 606 1160 661 certo
1192 596 1356 661 affirmare
1389 595 1467 662 licet

288 706 394 790 primo
424 704 521 767 etiam
545 703 664 787 Pegasi
692 712 830 767 matrem
860 705 986 789 integro
1012 706 1089 789 equi
1112 726 1250 790 corpore
1272 706 1464 769 instructam

291 809 406 874 fuisse.
454 808 662 895 Quamquam
687 832 815 892 vereor,
840 832 881 874 ne
907 812 959 874 cui
988 809 1077 874 haud
1106 810 1276 899 probabile
1305 811 1465 893 videatur,

289 940 364 983 cum
393 919 507 981 Persei
543 919 649 1003 capite
678 916 820 982 humano
849 919 946 1004 potiri
973 920 1108 986 intersit.
1155 904 1227 982 Hoc
1256 926 1363 982 autem
1392 920 1464 1004 ipso

290 1024 422 1089 absciso
438 1025 587 1108 Pegasus
605 1035 700 1089 natus
719 1047 794 1089 esse
818 1024 930 1089 fertur.
978 1025 1023 1089 At
1045 1023 1130 1089 infra
1153 1027 1354 1110 argumentis
1379 1049 1464 1090 com·

288 1130 500 1218 probabimus
525 1132 684 1196 Perseum
713 1133 818 1218 primo
848 1155 922 1197 cum
946 1135 1072 1216 origine
1096 1132 1218 1217 Pegasi
1245 1134 1376 1196 omnino
1400 1155 1465 1197 non

289 1240 499 1304 coniunctum
521 1237 636 1304 fuisse.
809 1248 812 1253 “

377 1346 487 1432 Atque
522 1348 619 1411 etiam
654 1346 744 1412 aliud
779 1348 900 1413 iudicio
937 1357 987 1411 est
1022 1348 1141 1432 Pegasi
1169 1357 1306 1412 matrem
1338 1349 1465 1433 integro

221 1474 233 1499 ⁸
288 1476 393 1541 equae
423 1476 560 1541 corpore
588 1454 735 1519 indutam
766 1453 880 1519 fuisse.
929 1456 1012 1520 Sunt
1039 1456 1127 1519 enim
1161 1454 1318 1520 nonnulla
1352 1477 1462 1519 monu-

288 1572 398 1626 menta
420 1563 484 1624 iam
509 1584 528 1625 a
551 1560 787 1626 Milchhoefero
818 1561 965 1643 collecta,
996 1564 1028 1625 in
1053 1561 1171 1647 quihus
1195 1562 1344 1644 Medusa,
1371 1565 1464 1627 ouius

290 1692 307 1734 e
341 1666 425 1733 collo
461 1678 612 1753 perseeto
638 1669 757 1754 Pegasi
783 1677 882 1754 caput
905 1671 1035 1751 eminet,
1061 1671 1206 1755 speciem
1230 1670 1337 1733 munci
1358 1671 1466 1756 capite

288 1778 408 1864 equino
445 1775 582 1861 praediti
620 1775 757 1861 praebet
767 1775 796 1862 ¹).
845 1775 937 1840 Infra
973 1776 1014 1840 de
1048 1777 1089 1839 iis
1125 1778 1310 1848 accuratius
1340 1787 1464 1862 agetur.

288 1885 398 1970 Atque
427 1883 477 1946 his
493 1892 621 1968 patera
655 1882 784 1946 Rhodia
815 1882 929 1967 figuris
952 1886 1055 1968 nigris
1081 1884 1225 1969 ornata2)
1254 1893 1286 1949 et
1309 1884 1466 1970 amphora

288 1993 395 2056 musei
407 1987 613 2076 Neapolitani
636 1988 751 2074 figuris
775 1990 883 2054 rubris
908 1991 1029 2075 pictass)
1046 1990 1218 2055 addendae
1236 2000 1318 2056 sunt.
1356 1991 1465 2077 Atque

269 2097 516 2179 'Milchhoefer,
533 2118 675 2183 quocum
701 2099 910 2161 consentiunt
925 2095 962 2162 O.
981 2097 1085 2162 Smith
1103 2107 1135 2161 et
1151 2098 1192 2162 de
1208 2098 1376 2183 Ridder4),
1400 2098 1465 2162 illis

289 2205 421 2291 quidem
453 2206 674 2268 monumentis
710 2206 900 2268 memoriam
938 2205 1145 2269 manifestam
1178 2207 1338 2270 contineri
1373 2214 1466 2291 putat

287 2313 444 2398 pristinae
463 2310 627 2395 Gorgonis
645 2313 750 2397 capite
768 2313 887 2396 equino
903 2312 1084 2398 praeditae.
1116 2312 1189 2375 Etsi
1205 2312 1287 2376 haec
1305 2315 1465 2377 sententia

288 2418 421 2505 probari
443 2439 509 2480 non
532 2427 640 2501 potest
658 2456 695 2465 --
714 2442 790 2483 nam
808 2419 916 2484 obstat
940 2441 1027 2483 nunc
1051 2418 1271 2504 anaglyphum
1288 2418 1464 2504 amphorae
1525 2438 1528 2442 ’

288 2526 463 2590 Boeoticae
502 2561 539 2570 -
576 2534 685 2590 tamen
708 2525 791 2591 haec
820 2535 1031 2591 monumenta
1055 2524 1227 2590 conferunt
1250 2527 1292 2590 ad
1315 2527 1348 2590 id
1377 2526 1464 2614 quod

287 2635 459 2721 posuimus
477 2631 705 2697 stabiliendum
720 2633 908 2719 Gorgonem
926 2634 1003 2700 inde
1017 2634 1057 2698 ab
1076 2636 1165 2698 initio
1182 2638 1309 2719 integro
1326 2656 1464 2721 corpore

289 2743 408 2827 equino
432 2739 614 2827 praeditam
637 2737 751 2805 fuisse.

378 2867 407 2931 3.
430 2866 501 2931 Nec
524 2885 604 2929 vero
628 2868 736 2929 minus
762 2866 965 2931 censendum
990 2877 1041 2931 est
1057 2869 1155 2931 etiam
1179 2876 1327 2953 patrem
1344 2867 1464 2952 Pegasi

288 2976 392 3061 primo
421 2976 576 3060 equinum
600 2974 714 3038 fiotum
737 2972 851 3039 fuisse.
900 2974 961 3040 Oui
989 2976 1037 3039 rei
1062 2990 1143 3040 sane
1167 2998 1232 3040 non
1259 2974 1341 3040 illud
1365 2975 1464 3040 docu-

289 3085 401 3145 mento
437 3090 498 3162 est,
535 3079 623 3167 quod
658 3081 816 3145 Medusae
854 3082 975 3145 coniux
1009 3082 1050 3147 ab
1086 3082 1233 3147 Hesiodo
1273 3082 1466 3170 simpliciter

287 3194 489 3281 κυανοχαίτης
528 3189 713 3252 nominatus
749 3198 800 3252 est
827 3186 967 3275 (Theog.
1002 3190 1090 3274 278).
1151 3188 1248 3270 Quod
1282 3211 1464 3275 cognomen

286 3297 432 3382 Neptuni
449 3318 555 3381 aeque
579 3305 676 3381 atque
700 3300 796 3365 ἵππιον
813 3318 832 3359 a
848 3297 985 3382 pristina
1010 3298 1122 3382 specie
1147 3298 1267 3383 equina
1290 3299 1464 3382 repetitum

291 3424 366 3467 esse
391 3401 579 3486 conced05).
626 3403 658 3468 U
683 3400 791 3470 'etiam
818 3402 941 3468 Odhini
971 3425 1154 3489 cognomen
1182 3403 1465 3488 Hrossharsgrani

289 3534 308 3574 a
331 3512 468 3597 pristina
492 3513 604 3597 speeie
629 3512 749 3596 equina
773 3510 907 3575 ductum
937 3532 1011 3575 esse
1040 3514 1216 3598 putaturss).
1265 3511 1331 3576 Sed
1355 3521 1463 3576 tamen

288 3629 376 3683 certo
406 3627 512 3682 aetate
540 3620 619 3682 satis
649 3620 782 3704 antiqua
809 3617 863 3683 ille
893 3621 984 3683 vocis
1014 3628 1216 3712 κυανοχαίτου
1250 3642 1369 3683 seusus
1399 3610 1463 3682 iani

289 3748 353 3790 non
378 3737 574 3812 perspectus
599 3735 659 3808 est,
676 3735 712 3789 ut
728 3725 863 3791 dubium
890 3728 940 3804 sit,
960 3736 1067 3791 utrum
1085 3727 1139 3792 illo
1157 3728 1367 3813 Theogoniae
1391 3725 1463 3790 loeo

378 3959 399 4022 1)
419 3957 565 4026 Anfaenge
595 3976 624 4026 p.
657 3957 709 4022 62;
740 3957 775 4012 ef.
809 3957 841 4012 Ο,
874 3958 1026 4025 Rossbach,
1058 3959 1141 4011 Aroh.
1174 3959 1234 4027 Ztg.
1266 3958 1330 4011 Xhl
1361 3958 1463 4029 (1883),

288 4065 316 4115 ρ,
338 4046 476 4114 173-78;
496 4045 526 4100 Ε.
545 4047 635 4112 Knoll,
655 4048 672 4100 l.
692 4064 715 4102 c.
734 4066 760 4117 p.
782 4047 814 4099 11
835 4065 876 4116 sq.

379 4137 399 4201 2)
419 4136 469 4193 Ed.
491 4135 518 4189 Ο.
540 4135 638 4205 smmi,
658 4137 755 4191 doum.
776 4136 811 4192 of.
831 4137 897 4191 heli.
917 4138 991 4190 stud.
1009 4137 1033 4187 V
1054 4137 1146 4197 (1884)
1165 4138 1224 4192 tab.
1244 4138 1287 4191 43.

379 4224 402 4294 3)
419 4225 606 4293 Heydemann
624 4242 665 4277 nr.
687 4225 768 4287 1767;
788 4227 887 4279 Museo
905 4223 1064 4280 Borbonico
1084 4224 1154 4278 XlII
1172 4226 1231 4281 tab.
1251 4226 1294 4279 59.

377 4316 400 4379 ⁴)
421 4313 492 4368 ibid.
511 4332 538 4382 p.
557 4313 624 4376 2393
645 4346 678 4354 -
698 4314 768 4370 Bull.
789 4315 824 4368 de
844 4332 912 4370 corr.
932 4315 1035 4369 helien.
1051 4314 1116 4368 XXI
1136 4315 1228 4383 (1898)
1246 4335 1273 4386 p.
1294 4316 1355 4370 455.

379 4405 399 4469 ⁶)
418 4403 637 4472 Furtwaengler,
657 4403 759 4456 Athon.
784 4404 857 4457 Mitt.
880 4403 934 4457 VII
947 4404 1040 4476 (1882)
1054 4424 1082 4474 p.
1096 4405 1148 4458 165
1163 4423 1208 4473 sq;
1228 4424 1253 4462 v.
1269 4405 1463 4466 Wilamowitz‚

289 4492 399 4549 Griech.
418 4492 502 4561 Trag.
521 4493 592 4562 Hp.
611 4492 663 4545 227
682 4511 709 4546 n.
730 4492 754 4547 1.

379 4583 399 4649 6)
423 4581 457 4635 Μ.
476 4582 591 4649 Jaehns,
610 4583 680 4636 Rosa
699 4583 757 4636 und
777 4582 874 4636 Reiter
893 4583 985 4654 (1872)
1005 4584 1020 4637 I
1038 4603 1065 4652 p.
1086 4583 1155 4654 2923
1175 4585 1241 4655 347)
1260 4584 1285 4637 8.
