3334 5042
834 239 877 304 34

749 330 960 340 Μ

270 442 393 505 crinem
416 449 542 504 mutare
566 440 713 525 potuisse
737 440 770 502 in
793 449 946 526 promptu
967 447 1026 502 est.
1068 437 1182 523 ltaque
1207 460 1272 501 una
1294 438 1444 502 Minerva

270 547 397 635 reliqua
420 556 498 626 erat,
529 570 627 633 quam
655 546 787 632 quidem
811 569 877 610 non
902 549 1008 610 minus
1032 544 1191 609 Medusae
1220 545 1443 610 adversariam

271 678 346 720 esse
382 656 514 720 scimus.
561 654 671 719 Causa
704 663 813 718 tamen
849 654 1018 718 afferenda
1046 662 1125 734 erat,
1162 676 1221 717 our
1248 652 1398 717 Minerva
1425 676 1445 716 a

272 763 427 848 Gorgone
451 785 591 849 poenam
608 770 778 848 repeteret.
818 760 933 849 Ipsum
958 770 1066 825 autem
1092 772 1239 847 stuprum
1256 784 1275 825 a
1292 762 1442 847 Neptuno

272 871 483 935 commissum
513 890 587 933 cum
614 871 824 932 mutationem
851 891 869 932 a
893 868 1043 932 Minerva
1070 869 1191 932 factam
1221 868 1365 933 nondum
1390 891 1446 932 ex-

271 976 395 1064 plicare
423 987 546 1062 posset,
582 978 615 1039 in
643 975 764 1062 templo
795 975 850 1040 illo
882 974 1111 1040 collocabatur.
1164 975 1269 1056 Quam
1304 976 1346 1039 ad
1375 998 1445 1039 rem

271 1081 402 1148 fabulae
428 1081 551 1147 similes
574 1082 720 1148 valuisse
744 1083 822 1146 mihi
848 1083 1009 1147 videntur.
1049 1084 1169 1147 Poetae
1194 1085 1279 1148 enim
1304 1081 1446 1147 Alexan-

272 1190 383 1255 drinos
423 1212 507 1276 quae
542 1190 605 1276 ipsi
640 1191 809 1273 finxerint,
849 1213 888 1254 ea
922 1190 964 1254 ad
999 1192 1216 1255 vetustiorum
1261 1188 1444 1254 fabularum

273 1295 442 1384 exemplar
464 1297 606 1362 formare
631 1297 743 1361 solitos
769 1320 844 1362 esse
870 1307 1006 1381 constat.
1054 1294 1163 1384 Atque
1188 1296 1329 1385 exempli
1346 1318 1447 1361 causa

272 1404 327 1469 illa
356 1403 469 1469 fabula
496 1405 657 1487 afferatur,
688 1428 753 1491 qua
776 1405 934 1469 Aethram
959 1404 1118 1491 Sphaeria
1141 1406 1174 1470 in
1197 1404 1305 1470 insula
1332 1426 1446 1468 manes

273 1513 458 1597 expiantem
482 1535 501 1575 a
525 1512 676 1597 Neptuno
710 1515 742 1575 in
770 1511 891 1597 templo
920 1510 1064 1576 Palladis
1093 1514 1239 1577 vitiatam
1270 1536 1345 1577 esse
1373 1535 1447 1576 nar-

271 1628 371 1685 ratur.

363 1724 449 1792 Sane
479 1749 518 1791 ea
553 1749 636 1813 quae
675 1728 899 1813 exposuimuS,
940 1750 1005 1791 non
1037 1751 1110 1790 cum
1142 1730 1294 1813 opinione
1335 1751 1446 1793 eorum

274 1842 467 1919 congruunt,
503 1837 557 1921 qui
587 1856 700 1898 omnes
728 1834 857 1898 fabulas
893 1837 925 1898 in
954 1834 1073 1920 quibus
1101 1834 1213 1921 templi
1253 1839 1373 1900 mentio
1402 1837 1447 1918 fit,

274 1940 315 2005 ad
351 1941 473 2006 cultum
510 1942 671 2028 quendam
708 1942 845 2006 deorum
884 1942 1076 2006 referendas
1113 1964 1188 2006 esse
1224 1953 1348 2029 putant.
1406 1944 1449 2009 Ut

275 2047 313 2114 Ο.
338 2048 476 2113 Mueller
487 2049 511 2133 ¹)
539 2049 693 2114 fabellam
722 2049 762 2114 ab
788 2049 908 2114 Ouidio
937 2048 1071 2113 relatam
1096 2049 1137 2113 ad
1161 2044 1322 2135 Argivum
1347 2074 1449 2136 quen·

275 2155 349 2221 darn
375 2155 495 2221 cultum
521 2159 683 2243 pertinere
709 2165 831 2221 censet.
890 2156 935 2221 At
958 2180 1031 2223 cum
1061 2180 1099 2221 ea
1128 2180 1212 2244 quae
1245 2181 1344 2244 supra
1368 2168 1443 2231 attu-

273 2264 380 2343 limuS,
416 2274 484 2329 tum
508 2264 570 2328 hoc
594 2263 825 2351 opponendum
851 2275 910 2329 est.
931 2314 933 2317 .
957 2265 1029 2328 Non
1057 2264 1182 2329 Aethra
1209 2267 1292 2351 ipsa,
1329 2268 1450 2352 quippe

275 2395 359 2459 quae
383 2374 497 2437 insons
522 2374 572 2444 sit,
597 2394 722 2458 poenas
752 2372 816 2456 dat,
852 2373 910 2436 sed
946 2372 1057 2459 templi
1089 2371 1262 2457 cultusque
1291 2384 1366 2437 voto
1390 2373 1449 2436 Mi·

274 2503 396 2545 nervae
419 2482 468 2544 ira
491 2479 646 2566 placatur.
684 2479 828 2544 Medusa
851 2489 959 2544 autem
984 2503 1003 2543 a
1026 2481 1178 2566 Neptuno
1203 2482 1314 2544 vitiata
1338 2504 1449 2566 quam-

275 2610 372 2673 quam
396 2590 468 2674 ipsa
491 2609 621 2673 quoque
646 2587 743 2674 culpa
767 2597 867 2669 earet,
884 2611 886 2614 ·
904 2610 1028 2674 poenas
1057 2587 1162 2669 solvit,
1198 2610 1240 2652 ne
1269 2588 1369 2652 aedes
1393 2589 1448 2650 im·

275 2718 363 2782 pune
386 2694 507 2759 violata
535 2698 584 2759 sit.
633 2696 706 2759 Hac
741 2706 850 2760 autem
887 2697 1072 2780 expiatione
1105 2697 1199 2759 facta
1225 2694 1332 2759 cultus
1360 2696 1449 2758 insti-

275 2803 389 2867 tuendi
423 2801 513 2867 nulla
547 2805 609 2866 iam
647 2823 749 2867 causa
777 2812 854 2866 erat.
903 2802 1012 2887 Atque
1041 2802 1122 2865 haec
1147 2802 1277 2888 quidem
1303 2803 1344 2865 de
1367 2801 1450 2865 locis

277 2910 395 2997 quibus
419 2921 549 2976 veteres
573 2907 720 2973 fabulam
744 2908 995 2972 collocaverunt.

365 3024 395 3086 3.
432 3022 501 3085 lam
535 3020 644 3082 existit
668 3019 834 3102 quaestio,
867 3019 994 3079 cuinam
1023 3018 1150 3101 regioni
1179 3039 1263 3101 quae
1290 3039 1357 3080 non
1382 3015 1451 3079 sola

278 3131 473 3216 cogitatione
498 3126 575 3189 ficta
598 3127 649 3207 sit,
674 3122 785 3188 fabula
808 3121 1014 3186 attribuenda
1038 3123 1194 3187 videatur.

366 3239 435 3302 Neo
460 3257 537 3299 vero
562 3236 640 3316 quin
664 3231 705 3294 ad
723 3230 898 3295 Graecos
922 3231 1044 3313 redeat,
1070 3230 1204 3294 dubium
1230 3240 1288 3293 est.
1313 3231 1452 3295 Nomina

278 3350 364 3413 enim
388 3345 563 3427 Gorgonis,
595 3340 766 3422 Medusae,
796 3338 992 3402 Poseidonis
1017 3338 1147 3402 Graeca
1175 3359 1250 3401 esse
1280 3349 1450 3401 consenta-

277 3478 376 3521 neum
401 3462 460 3518 est.
507 3451 616 3536 Atque
641 3450 739 3512 etiam
768 3447 888 3531 Pegasi
916 3469 1045 3524 nomen,
1078 3456 1113 3508 ut
1139 3444 1224 3508 infra
1248 3445 1450 3526 docebimus,

278 3564 397 3650 optime
422 3584 439 3625 e
464 3559 593 3625 Graeco
618 3556 694 3621 duci
717 3564 834 3641 potest.
874 3555 981 3640 Atque
1006 3553 1182 3617 eGraeeia
1198 3575 1270 3616 eum
1288 3553 1320 3615 in
1337 3551 1450 3617 Asiam

278 3691 352 3734 esse
387 3666 579 3731 translatum
615 3685 716 3749 supra
751 3660 1049 3746 comprobavimus,
1110 3659 1239 3723 Similes
1282 3670 1452 3746 praeterea

277 3776 409 3842 fabulae
444 3773 548 3837 semel
583 3782 680 3858 atque
715 3772 832 3833 iterum
861 3766 977 3832 allatae
1006 3766 1086 3831 nihil
1113 3766 1280 3853 praebent,
1315 3768 1400 3852 quod
1432 3791 1452 3831 a

280 3884 408 3950 Graeca
432 3883 558 3966 origine
582 3878 764 3943 abhorreat.
801 3876 842 3941 In
866 3875 985 3961 quibus
1010 3897 1093 3961 quae
1118 3874 1297 3938 afferuntur
1319 3877 1453 3938 nomina

278 3992 320 4057 ad
343 4013 442 4055 unum
473 3990 581 4053 omnia
605 3986 735 4050 Graeca
766 3994 850 4048 sunt.
898 3983 1004 4046 Etiam
1034 3982 1096 4045 hoc
1124 3982 1450 4046 animadvertendum

278 4109 336 4164 est.
393 4098 488 4161 Licet
522 4119 541 4160 a
575 4093 811 4158 Milohhoefero
849 4094 903 4176 qui
939 4113 1058 4176 equum
1095 4092 1128 4153 in
1164 4091 1296 4153 orientis
1331 4087 1450 4152 fabulis

277 4205 398 4272 nullius
423 4204 579 4268 momenti
603 4223 677 4263 esse
702 4199 822 4280 dicitu,
860 4197 1121 4261 dissentiendum
1146 4198 1232 4278 siti),
1267 4205 1376 4258 tamen
1404 4194 1449 4258 fa-

277 4324 490 4334 ...-—--—..q—.

368 4366 388 4429 ¹)
409 4361 506 4415 Kleine
526 4358 667 4413 Schriften
686 4357 714 4410 ll
731 4377 756 4427 p.
780 4357 839 4410 171.

369 4454 389 4518 ²)
409 4451 556 4518 Anfaenge
574 4467 601 4517 p.
620 4447 664 4503 56.

370 4543 390 4611 ³)
409 4542 439 4595 Ε.
461 4541 552 4609 Knoll‚
572 4539 688 4592 Studien
707 4558 735 4609 p.
749 4539 782 4590 21
797 4555 850 4607 sq.;
869 4535 985 4603 Berard,
1005 4535 1040 4589 de
1053 4534 1181 4604 l’origine
1195 4535 1244 4588 des
1258 4535 1345 4588 cultos
1365 4534 1451 4587 Area-

280 4633 358 4689 diens
376 4650 404 4703 p.
424 4631 476 4684 112
495 4649 535 4699 sq.
