3334 5042
851 200 894 264 26

372 398 462 484 Ergo
484 400 601 465 mirum
627 407 716 462 ortus
740 419 846 482 genus
871 397 958 483 quod
986 397 1082 483 plane
1104 397 1146 462 ad
1162 399 1329 484 proprium
1348 397 1459 462 caedis

273 507 426 597 modum,
451 507 566 592 capitis
591 507 782 588 sectionem,
808 527 844 568 sc
868 504 1139 587 accommodavit,
1164 506 1305 591 aprima
1328 504 1459 569 fabulae

282 615 388 679 forma
424 611 659 678 secludendum
695 635 772 678 esse
808 613 971 677 videmus.
1018 613 1138 697 Pegasi
1166 621 1276 676 autem
1301 615 1458 697 originem

282 721 459 786 cohaerere
484 743 558 784 cum
593 722 816 785 vetustissima
853 742 950 807 quam
974 722 1065 784 initio
1093 721 1306 784 tractavimus
1336 719 1457 802 fabula,

282 829 464 894 secundum
477 850 575 914 quam
588 827 760 914 Neptunus
773 850 880 913 equus
896 827 1067 892 Medusam
1081 829 1233 914 equinam
1252 829 1457 912 compressit,

280 939 313 1000 in
338 945 450 1022 aperto
477 946 536 1001 est.
583 936 709 999 Prima
743 937 864 1020 igitur
898 933 1028 999 fabula
1051 957 1095 998 ea
1125 934 1251 1000 fuisse
1287 936 1456 1015 videtur,

281 1057 321 1107 ut
344 1065 362 1107 e
387 1045 572 1128 coniugio
605 1042 795 1106 Medusae
832 1044 1002 1128 equinae
1039 1053 1077 1106 et
1105 1043 1287 1128 Neptuni
1322 1044 1457 1128 equini

280 1150 691 1237 Pegasusprodierit.
738 1209 740 1217 ί

465 1356 494 1418 d.
517 1353 556 1418 lte
578 1353 747 1435 chrysaori
769 1373 787 1418 a
809 1355 904 1426 crima
925 1357 1011 1419 ortus
1033 1355 1137 1417 tabula
1157 1354 1264 1417 aliero.

369 1476 440 1539 Iam
474 1497 535 1539 nos
570 1484 668 1538 vocat
702 1476 861 1560 quaestio,
898 1484 1006 1538 utrum
1043 1475 1113 1537 iure
1149 1496 1169 1536 a
1195 1474 1302 1558 prima
1324 1469 1456 1536 fabulae

278 1583 384 1647 forma
419 1582 641 1668 Chrysaorem
680 1583 736 1668 qui
771 1605 844 1646 cum
879 1582 1008 1667 Pegaso
1058 1582 1221 1645 artissime
1261 1580 1455 1644 coniunctus

279 1689 417 1772 videtur,
443 1688 689 1753 secluserimus.
1168 1680 1172 1688 ’

366 1797 475 1884 Atque
501 1795 667 1883 Chrysaor
690 1796 731 1860 ab
749 1796 896 1861 Hesiodo
921 1805 1017 1888 μέγας
1042 1806 1177 1860 vocatur
1200 1795 1335 1880 (Theog.
1366 1794 1453 1878 281),

279 1915 313 1970 ut
335 1924 402 1968 non
424 1904 519 1991 parvi
542 1905 697 1968 momenti
719 1902 823 1968 fuisse
849 1903 1009 1979 videatur.
1057 1903 1193 1967 Fabulis
1217 1912 1326 1967 autern
1352 1901 1454 1966 (irae-

278 2034 391 2076 oorum
423 2010 630 2098 perlustratis
666 2017 806 2103 χρυσάωρ
844 2032 923 2075 sane
963 2022 998 2074 ut
1036 2009 1267 2075 nonnullorum
1306 2009 1453 2090 deorum,

277 2120 416 2197 Dianae,
440 2117 613 2204 Apollinis,
639 2115 781 2198 Cereris,
806 2140 990 2202 cognomen
1015 2120 1166 2182 occurrit.
1190 2104 1272 2181 ‘Nec
1296 2138 1376 2181 vero
1400 2139 1453 2179 us-

277 2248 375 2312 quam
399 2225 477 2290 alibi
500 2247 622 2289 numen
650 2227 817 2310 proprium
854 2225 950 2289 huius
979 2227 1121 2290 nominis
1151 2228 1316 2290 invenitur
1344 2245 1453 2308 neque

276 2335 310 2397 in
335 2335 454 2397 ceteris
477 2332 592 2396 Persei
616 2343 648 2396 et
671 2332 829 2397 Medusae
866 2355 973 2418 neque
996 2336 1029 2396 in
1058 2332 1320 2418 Bellerophontis
1344 2354 1453 2417 neque

276 2443 310 2504 iu
345 2439 417 2504 aliis
447 2439 487 2504 de
512 2440 640 2524 Pegaso
670 2438 801 2504 fabulis
849 2441 935 2504 Num
964 2463 1042 2505 vero
1078 2441 1258 2527 putandum
1288 2441 1331 2504 sit
1365 2438 1453 2503 aliud

276 2549 430 2633 „magni“
456 2546 652 2634 Chrysaoris
677 2549 853 2632 vestigium
879 2550 1009 2613 omnino
1035 2546 1233 2612 evanuisse?

367 2655 539 2740 Singulare
564 2665 673 2719 autem
689 2658 830 2719 nominis
848 2655 935 2724 illius
952 2678 1073 2720 numen
1089 2659 1122 2719 in
1141 2655 1257 2719 Caria
1279 2656 1449 2741 reperitur.

276 2762 424 2849 Mylasus
450 2765 537 2827 enim
560 2785 659 2848 aquo
675 2761 812 2849 Mylasa,
838 2762 1062 2844 Cariae'urbs,
1088 2764 1175 2827 diota
1203 2786 1279 2827 esse
1302 2761 1450 2843 traditur,

276 2883 332 2940 τοῦ
370 2876 559 2962 Χρυσάορος,
598 2882 653 2937 voti
688 2874 840 2952 Γλαύκου,
879 2884 936 2939 τοῦ
970 2876 1109 2964 Σισύφου,
1149 2884 1205 2939 τοῦ
1240 2873 1355 2939 Αἰόλου
1391 2869 1452 2932 fuit

200 2993 204 3005 ’
276 2977 401 3063 (Steph.
420 2977 499 3063 Byz.
526 3000 551 3039 s.
568 2999 599 3037 v.
619 2977 774 3059 Μύλασα).
824 2977 918 3057 Quae
943 2976 1138 3064 Chrysaoris
1163 2977 1356 3063 genealogia
1380 2979 1451 3040 sine

276 3083 375 3148 dubio
400 3107 473 3148 oum
499 3106 537 3148 eo
562 3083 720 3147 Herodoti
755 3083 826 3148 loco
864 3085 1019 3148 cohaeret
1053 3108 1117 3172 quo
1148 3098 1262 3170 gentes
1292 3083 1449 3171 quasdam

222 3215 225 3220 ·
275 3192 405 3256 lonioas
435 3189 537 3255 litoris
562 3190 701 3255 Asiatici
726 3215 745 3256 a
769 3191 897 3256 Glauco
923 3195 1081 3276 originem
1112 3194 1308 3278 repetivisse
1333 3193 1451 3256 dicitur

274 3299 304 3385 (l
330 3300 415 3383 147).
472 3300 580 3363 Primo
605 3307 716 3363 autem
741 3299 909 3386 Chrysaor
933 3303 965 3365 in
990 3303 1096 3387 capite
1125 3300 1339 3385 genealogiae
1362 3297 1449 3363 illius

275 3407 379 3471 fuisse
403 3405 542 3489 videtur,
566 3417 603 3470 ut
619 3406 697 3471 alibi
713 3415 807 3493 pater
823 3408 924 3472 ldriei
948 3409 1076 3490 dicitur,
1102 3430 1202 3492 aquo
1227 3408 1345 3490 ldrias,
1369 3407 1448 3471 urbs

275 3513 402 3596 Cariae,
438 3515 604 3577 nominata
639 3537 714 3578 esse
750 3514 854 3579 fertur
889 3514 1017 3601 (steph.
1054 3516 1134 3600 Byz.
1165 3539 1190 3578 s
1220 3539 1250 3578 v.
1280 3519 1409 3606 Εὐρωπύ
1428 3515 1447 3598 λ

276 3621 337 3686 Cui
360 3620 433 3685 urbi
461 3623 552 3711 prius
589 3644 709 3686 nomen
732 3628 905 3714 Χρυσαορίς
927 3623 1031 3685 fuisse
1068 3623 1186 3686 dicitur
1214 3622 1338 3708 (Steph.
1368 3623 1447 3707 Byz.

275 3753 300 3794 s.
326 3753 355 3794 v.
374 3733 499 3820 Ἰδριάςς
524 3729 565 3794 cf.
584 3729 725 3794 Pausan.
750 3730 778 3793 V
797 3730 850 3811 21,
867 3731 914 3813 ὃ).
948 3729 1021 3810 Quo
1039 3740 1185 3816 tempore
1214 3732 1322 3815 priore
1338 3751 1446 3815 neque

275 3839 428 3923 eponymi
451 3836 552 3901 ldriei
574 3860 682 3923 neque
707 3838 815 3902 Idriae
839 3861 959 3902 nomen
984 3841 1149 3902 exstitisse
1174 3847 1317 3923 apparet.
1366 3836 1447 3900 Inde

274 3944 362 4030 quod
385 3932 539 4037 Χρυσάωρ
564 3955 658 4032 pater
681 3945 780 4009 Idriei
803 3944 891 4009 illius
915 3948 1109 4013 nominatur.
1136 3958 1224 4011 certo
1249 3944 1447 4008 concludere

273 4052 350 4116 licet
374 4051 594 4138 Chrysaorem
620 4053 783 4139 quondam
813 4054 953 4117 nominis
977 4060 1151 4146 Χρυσαορίς
1177 4064 1344 4119 auctorem
1369 4053 1446 4116 duc-

273 4171 341 4223 tum
366 4181 450 4224 esse.
499 4154 567 4223 Sed
589 4162 744 4223 universa
769 4180 900 4245 quoque
923 4163 1014 4245 regio
1040 4160 1116 4226 olim
1139 4168 1312 4253 Χρυσαορίς
1335 4160 1447 4247 appel-

272 4266 338 4330 lata
373 4276 442 4330 erat
477 4264 603 4352 (Steph.
639 4268 718 4352 Byz.
757 4291 783 4330 s.
820 4291 851 4332 v.
888 4274 1071 4360 Χρυσαορίς,
1110 4268 1163 4331 ubi
1186 4269 1446 4356 Epaphroditum

273 4374 442 4460 sequitur).
495 4373 589 4453 Quae
624 4395 699 4437 cum
736 4375 806 4436 sine
843 4374 941 4439 dubio
978 4385 1010 4439 et
1045 4378 1118 4461 ipsa
1154 4399 1227 4440 oum
1260 4377 1446 4463 Chrysaore

273 4480 467 4561 cohaeserit,
498 4479 665 4566 Chrysaor
689 4480 765 4544 olim
790 4504 932 4566 proavus
962 4485 1103 4547 omnium
1137 4485 1340 4562 existimatus
1371 4507 1445 4551 esse
