3334 5042
767 273 803 336 00

628 507 651 581 r)
675 509 715 569 N.
737 509 942 570 Macedonici.

310 632 359 694 38.
383 632 511 711 Philippi
525 634 553 692 V
574 636 662 711 regis,
684 638 733 696 ed.
755 637 897 696 Gardner
910 646 998 714 types
1013 638 1049 697 of
1060 658 1102 715 gr.
1127 640 1212 700 coins
1228 640 1289 701 XII
1305 643 1354 717 45,

212 732 499 798 Aeserninum.
522 737 570 812 fig.
595 736 664 796 148.
906 718 909 724 ’

311 837 439 915 Philippi
460 848 553 915 caput
574 839 605 897 in
627 840 726 916 clipeo
749 841 950 900 macedonico
973 843 1015 901 ad
1037 862 1060 902 s,
1084 861 1264 904 conversum
1287 864 1356 904 cum

212 944 300 1020 galea
322 942 404 1000 alata
423 941 547 999 vulturis
569 942 669 1017 capite
692 951 816 1016 ornata;
840 943 944 1020 harpe.

312 1046 360 1103 39.
383 1043 486 1103 Persei
508 1045 594 1121 regis,
618 1043 655 1103 cf.
679 1043 770 1103 Head
790 1047 808 1103 l.
831 1065 857 1105 c.
881 1065 910 1121 p.
929 1049 999 1107 206.

311 1145 414 1202 Persei
437 1145 537 1202 herois
561 1156 653 1220 caput
665 1136 684 1205 ¹.

239 1348 283 1440 Q.
329 1344 581 1420 Andromeda
608 1347 702 1423 Ceto
732 1349 916 1445 exposita.
970 1348 1100 1423 Persei
1128 1374 1214 1423 cum
1240 1347 1335 1424 Ceto

716 1490 858 1564 pugna.

454 1618 656 1676 Monumenta
678 1636 758 1694 quae
780 1637 818 1675 ex
840 1620 947 1677 litteris
969 1619 1118 1678 novimus

315 1769 343 1811 a.
364 1750 483 1810 Pictura
511 1753 549 1809 ab
572 1752 729 1827 Antiphila
752 1752 879 1809 laudata
902 1752 993 1813 Anth.
1017 1752 1069 1814 Gr.
1097 1755 1164 1824 157,
1199 1757 1238 1815 13
1260 1750 1358 1832 (Plan.

215 1853 260 1912 IV
282 1847 364 1930 147).
408 1855 547 1913 Aderant
569 1853 698 1911 Perseus
721 1855 774 1912 alis
796 1854 957 1930 pedalibus
980 1864 1012 1911 et
1036 1855 1204 1931 Gorgoneo
1226 1857 1359 1933 insignis,

215 1944 417 2015 Andromeda
440 1973 515 2014 saxo
537 1955 647 2029 adfixa,
671 1954 774 2026 Cetus
798 1954 966 2041 Cassiepia.

315 2056 345 2116 b.
369 2057 442 2116 Luc.
465 2059 506 2114 de
521 2059 614 2115 domo
628 2059 667 2116 22
692 2058 838 2115 describit
860 2059 1018 2133 picturam,
1040 2059 1145 2136 inqua
1160 2061 1360 2119 Andromeda

216 2176 254 2215 ex
276 2175 350 2233 rupe
374 2159 596 2233 contemplatur
611 2158 755 2217 Perseum
773 2168 882 2218 contra
898 2157 1007 2217 Cetum
1029 2159 1123 2236 harpe
1145 2169 1177 2223 et
1192 2161 1359 2238 Gorgoneo

216 2260 300 2317 simul
322 2268 520 2335 pugnantem.
919 2316 921 2323 .

316 2379 340 2420 c.
363 2360 495 2421 Achilles
517 2361 587 2422 Tat.
611 2363 695 2424 Erot.
718 2363 761 2422 Ill
784 2366 812 2431 6,
840 2365 858 2422 7
882 2363 1043 2421 contendit
1065 2381 1098 2421 se
1122 2365 1153 2421 in
1173 2364 1253 2422 Iovis
1276 2363 1358 2423 Casii

216 2463 330 2537 templo
342 2462 484 2521 Pelusino
502 2464 614 2523 vidisse
629 2464 707 2522 duas
722 2465 867 2540 picturas,
892 2481 1021 2540 quarum
1037 2464 1133 2522 altera
1145 2464 1360 2524 Prometheum

216 2565 255 2623 ab
277 2565 408 2623 Hercule
431 2573 585 2625 servatum
593 2564 616 2635 ²,
640 2567 735 2625 altera
757 2568 993 2626 Andromedam
1016 2575 1048 2623 et
1072 2565 1217 2625 Perseum
1236 2584 1273 2623 ex
1290 2582 1360 2624 aere

215 2684 284 2724 cum
306 2666 385 2725 Ceto
405 2677 595 2744 pugnantem
616 2670 799 2731 contineret.

314 2771 345 2827 d.
367 2768 552 2828 Heliodorus
573 2770 720 2847 Aethiop.
743 2771 774 2828 X
789 2773 806 2830 6
823 2772 855 2828 in
877 2772 974 2829 insula
996 2771 1105 2828 Meroe
1126 2769 1243 2846 positas
1265 2769 1360 2827 luisse

216 2868 317 2928 Persei
339 2879 371 2928 et
395 2872 614 2931 Andromedae
637 2882 754 2931 statuas
777 2873 860 2931 dicit.

606 3031 808 3092 Monumenta
829 3042 957 3093 servata.

616 3168 676 3228 Vas
691 3169 806 3242 picium
825 3169 875 3243 rip.
897 3170 959 3242 alp.

318 3304 344 3361 1.
368 3301 526 3378 Amphora
541 3301 737 3361 Corinthiaco
752 3302 850 3361 Caere
866 3311 987 3379 reperta
1009 3320 1085 3362 mue.
1110 3301 1207 3363 Berol.
1224 3321 1254 3363 n.
1271 3303 1361 3379 1652,

218 3402 266 3461 ed.
289 3402 329 3462 M.
354 3403 425 3460 dl.
451 3403 482 3460 X
504 3406 553 3462 52.

222 3527 419 3537 *ιη-..-

317 3608 378 3664 ¹In
398 3612 456 3664 aliis
475 3613 589 3664 nummis
607 3614 786 3665 Macedonicis
805 3614 878 3664 velut
897 3615 926 3666 C.
946 3631 971 3678 g.
990 3631 1013 3666 c.
1033 3612 1148 3680 72-74,
1167 3612 1211 3680 79,
1230 3612 1272 3672 80,
1297 3613 1361 3662 Am·

216 3701 335 3768 phipolis
354 3701 397 3767 23,
422 3701 513 3752 Pellae
532 3701 557 3766 3,
576 3701 600 3762 4,
624 3703 825 3753 Thessalonices
847 3702 928 3769 2(cf.
945 3705 1015 3755 Mus.
1035 3703 1124 3754 Berol.
1143 3701 1227 3768 Pella,
1249 3701 1362 3765 Amphi·

219 3791 295 3855 polis)
314 3791 404 3841 malim
423 3805 481 3840 cum
500 3790 596 3840 Poolio
616 3799 642 3841 et
659 3791 767 3842 Salletio
786 3807 927 3855 agnoscere
947 3795 1062 3842 Romam
1081 3807 1157 3856 quam
1175 3793 1309 3840 Perseum.

315 3874 458 3928 ²Garucci
482 3883 516 3929 A.
537 3879 563 3931 d.
583 3880 604 3930 I.
626 3878 695 3932 1860
722 3896 747 3946 p.
768 3878 820 3935 110
842 3882 938 3945 premit
957 3882 1048 3931 cistam
1067 3879 1265 3929 Praenestinam
1283 3878 1308 3942 Q
1328 3878 1362 3930 10

219 3972 245 4015 et
264 3967 354 4017 cistam
374 3984 441 4033 quae
459 3968 613 4018 Promethei
630 3967 745 4018 fabulam
765 3968 873 4019 exhibet
892 3969 941 4033 (M.
962 3971 987 4021 d.
1007 3970 1079 4021 LVI
1097 3967 1144 4036 39)
1163 3983 1215 4017 una
1233 3967 1362 4019 inventas.

218 4053 311 4119 Neque
340 4072 402 4105 vero
424 4057 509 4106 solum
526 4058 573 4107 ubi
591 4058 699 4106 inventa
729 4059 763 4107 sit
781 4065 891 4123 utraque
921 4058 987 4107 cista
1005 4059 1157 4121 ignoramus
1177 4056 1223 4126 (cf.
1243 4056 1364 4108 Schoene

218 4147 253 4193 A.
272 4143 299 4195 d.
318 4145 339 4196 I.
360 4143 429 4197 1866
447 4162 473 4209 p.
494 4144 555 4210 166)
575 4146 622 4196 sed
648 4147 726 4196 etiam
744 4145 895 4196 Promethei
914 4145 979 4196 cista
997 4145 1075 4196 valde
1099 4155 1223 4212 suspecta
1240 4156 1279 4198 est
1302 4148 1364 4197 viris

218 4231 310 4291 doctis,
328 4232 361 4284 cf.
381 4232 566 4302 Schumacher‚
586 4235 642 4285 eine
660 4241 790 4301 praenest.
804 4235 877 4284 Ciste
896 4236 932 4283 im
952 4236 1074 4284 Museum
1087 4251 1119 4284 zu
1132 4235 1281 4287 Karlsruhe
1293 4253 1318 4301 p.
1330 4235 1362 4288 51

221 4320 280 4371 adn.
300 4319 324 4372 3.

1164 4416 1180 4466 3
