3334 5042
809 426 1014 499 ..42-

400 621 405 625 ’
420 632 609 715 Plerumque
636 630 825 696 credebatur
840 630 1018 696 Palladium
1035 629 1139 715 Argos
1154 651 1174 693 a
1189 627 1342 695 Diomede
1357 628 1492 692 allatum

323 756 405 804 esse.
453 737 486 803 Si
508 743 616 805 autem
640 737 820 820 quaerimus
845 760 909 821 quo
932 758 1006 801 casu
1034 736 1238 801 simulacrum
1263 734 1435 820 Trojanum
1458 736 1491 798 iu

329 846 396 930 ejus
418 862 529 910 manus
551 843 683 922 venerit,
716 844 756 907 ad
791 843 933 908 fabulam
962 844 1120 927 quandam
1147 865 1166 906 a
1194 841 1314 907 Lescha
1336 842 1370 906 in
1393 863 1492 924 parra

329 950 427 1017 Iliade
450 955 623 1016 tractatam
645 950 841 1028 adducimur,
866 951 955 1035 cujus
970 952 1190 1015 narrationem
1214 950 1384 1013 restituere
1406 968 1492 1012 nunc

329 1056 476 1125 conabor.

733 1251 750 1335 ξ
773 1250 804 1317 5.
852 1252 944 1316 Ilias
967 1274 1107 1335 parva..

419 1375 549 1443 Initium
577 1401 596 1441 a
627 1375 765 1451 Οοιισαέο,
794 1377 1020 1462 mythographi
1048 1398 1131 1442 saec.
1156 1375 1178 1462 31
1200 1398 1229 1441 a.
1255 1375 1327 1441 chr.
1352 1399 1395 1451 n.‚
1420 1396 1492 1439 nar·

330 1486 452 1549 ratione
478 1483 523 1548 34
552 1484 689 1568 capiam,
734 1484 824 1566 cnjus
855 1504 932 1568 pars
967 1486 1125 1568 posterior
1155 1484 1235 1548 haec
1273 1488 1321 1548 est
1351 1481 1491 1566 (Κοοοο,

330 1591 380 1656 ed.
405 1589 516 1656 Ulrich
537 1590 665 1667 Hoefer‚
691 1588 836 1655 Greilsw.
864 1588 976 1678 1890):
1007 1589 1171 1654 στέλλονται
1197 1586 1250 1652 οὖν
1273 1588 1320 1652 ἐπὶ
1342 1591 1380 1675 τῇ
1401 1589 1496 1674 κλοπῇ
1602 1577 1604 1581 ’

330 1701 382 1761 τοῦ
406 1696 577 1761 Παλλαδίου
603 1696 751 1785 Διομήδης
770 1698 818 1760 καλ
841 1696 1009 1773 Ὀδυσσεὺς,
1038 1698 1086 1760 καὶ
1113 1692 1492 1792 duffio-ivefflyei-

325 1826 404 1892 χους
426 1803 585 1893 Διομήδης,
614 1802 720 1891 ἐπιβάς
744 1807 811 1893 τῶν.
832 1801 923 1891 ὤμων
945 1800 1129 1893 Ὀδυσσέως
1156 1804 1174 1863 d
1203 1803 1237 1867 δὲ
1260 1802 1314 1866 οὐκ
1334 1799 1497 1874 ἀνελκύσας

330 1896 482 1986 Ὀδυσσέα,
517 1909 609 1973 καίτοι
642 1910 695 1983 τὰς
722 1911 838 1997 χεῖραςν
863 1910 1020 1995 ὀρέγοντα,
1055 1906 1102 1998 ήει
1130 1910 1177 1972 ἐπὶ
1199 1909 1232 1972 τὸ
1257 1907 1425 1971 Παλλάδιον
1447 1909 1494 1971 καὶ

330 2017 517 2103 ἀφελόμενος
548 2016 622 2080 αὐτὸ
656 2015 731 2101 πρὸς
765 2013 908 2080 Ὀδυσσέα
945 2015 1025 2104 ἔχων
1063 2017 1240 2102 ὑπέστρεφε.
1285 2017 1332 2078 καλ
1366 2014 1415 2077 διὰ
1442 2017 1494 2077 τοῦ

331 2123 434 2187 πεδίου
476 2122 635 2187 κατιόντων
677 2120 894 2205 πυνθανομένῳ
933 2122 1042 2186 ἕκαστα
1088 2126 1130 2207 τῷ
1181 2122 1316 2185 ’θδυσσεῒ
1351 2120 1497 2208 Διομήδης

331 2229 365 2293 τὸ
403 2229 501 2321 δόλιον
538 2227 667 2314 τάνδρὸς
687 2226 783 2303 εἰδώς,
822 2228 879 2315 οὐχ
906 2228 981 2313 δπεμ
1024 2228 1137 2318 ἔφησεν
1169 2224 1287 2302 Ἕλενος
1328 2226 1495 2291 Παλλάδιον

331 2337 434 2419 λαβεῖν
472 2334 571 2410 αὐτόν,
609 2335 672 2398 ἀλλ’
705 2335 766 2399 ἀντ’
804 2334 916 2398 ἐκείνου
953 2336 1065 2422 ἔτεμον,
1105 2335 1306 2422 ἀποκρίνεται·
1329 2330 1498 2425 κινηθέντος

332 2442 367 2507 δὲ
390 2445 441 2505 τοῦ
466 2440 636 2505 Παλλαδίου
659 2444 736 2504 κατά
756 2464 818 2505 τινα
842 2442 984 2528 δαήμονα,
1012 2443 1099 2527 γνοὺς
1119 2442 1277 2516 Ὀδυσσεὺς
1301 2436 1374 2504 αὐτὸ
1402 2440 1494 2503 ἐκεῖνο

332 2547 408 2613 εἶναι
430 2549 480 2611 καλ
502 2547 618 2612 κατόπιν
641 2548 770 2632 γεγονὼς
794 2554 902 2613 σπᾶται
924 2548 957 2613 τὸ
980 2549 1071 2636 ξίφος,
1096 2550 1206 2613 ἐκεῖνον
1224 2549 1282 2634 μὲν
1296 2548 1410 2612 άνελεῖν
1423 2547 1494 2629 βου-

332 2653 443 2742 ληδελς,
468 2655 557 2731 αὐτὸς
577 2656 604 2720 δ’
629 2655 759 2744 ’Δχαισίς
780 2656 813 2719 τὸ
831 2655 998 2720 Παλλάδιον
1020 2655 1153 2740 κομίζειν.
1195 2657 1243 2719 καὶ
1266 2655 1357 2719 αὐτοῦ
1376 2654 1499 2740 μέλλον-Ὶ

333 2781 383 2834 τος
402 2761 513 2849 πληγήν
536 2762 674 2848 ἐμβαλεῖν
697 2762 748 2850 (ἦν
771 2763 828 2849 γάρ
853 2761 973 2851 σελήνη)
997 2764 1062 2851 δρᾷ
1085 2762 1233 2851 Διομήδης
1253 2762 1305 2850 τήν
1328 2762 1421 2849 αὐγήν
1444 2764 1495 2823 τοῦ

333 2866 444 2954 ξίφους,
469 2865 625 2943 ’θδυσσεδς
644 2868 671 2932 δ’
693 2869 826 2955 άναιμεῒν
845 2862 1072 2958 μέν”άπέσχετο
1095 2869 1348 2955 άντισπασομένου
1363 2867 1495 2932 κάκείνου

334 2972 426 3061 ξίφος,
461 2974 571 3039 δειλίαν
604 2975 631 3038 δ’
657 2975 805 3050 ὀνειδίσας
825 2977 930 3040 πλατεῖ
954 2980 1000 3062 τῷ
1021 2976 1098 3063 ξίφει
1120 2974 1338 3040 assederam
1365 2974 1497 3061 πμσιέναι

334 3079 447 3144 τύπτων
469 3080 505 3143 τὰ
528 3085 609 3144 νῶτα
632 3080 767 3169 ήλαυνεν.
807 3082 845 3153 ἐξ
864 3081 900 3147 οὔ
915 3085 935 3173 ή
951 3081 1092 3170 παμοφιίο
1119 3086 1156 3171 νή
1175 3083 1346 3171 Διομήδειος
1363 3082 1492 3169 dudm«

335 3187 382 3252 ἐπὶ
403 3186 513 3261 παντὸς
533 3188 673 3252 ἀκουσίου
695 3189 846 3278 λεγομένη.

422 3292 577 3359 Videmus
624 3295 663 3359 de
704 3302 801 3381 raptu
845 3295 984 3381 quodam
1033 3298 1086 3382 agi
1128 3298 1290 3361 simulacri
1332 3295 1497 3361 Minervae

334 3405 431 3484 atque
451 3400 519 3484 jam
542 3401 645 3467 elucet
678 3424 742 3486 quo
776 3406 870 3469 modo
898 3405 932 3468 in
956 3402 1119 3469 Diomedis
1154 3406 1347 3489 potestatem
1369 3403 1498 3489 signum

335 3506 458 3572 venerit
484 3509 567 3591 quod
595 3513 708 3593 postea
737 3509 830 3575 heros
859 3512 964 3598 Argos
991 3512 1024 3574 in
1053 3510 1165 3576 urbem
1187 3531 1275 3576 suam
1299 3509 1498 3575 manstulisse

334 3612 506 3679 ferebatur.

424 3718 485 3786 Sed
513 3723 740 3810 mythographi
766 3726 947 3790 narratione
976 3725 1132 3790 nonnulla
1158 3725 1237 3790 artis
1264 3744 1360 3808 opera
1381 3722 1498 3788 mnam

335 3829 369 3891 in
404 3828 535 3894 modum
568 3830 771 3895 illustrantur
806 3852 888 3913 quae
922 3832 955 3894 in
990 3833 1094 3915 prima
1116 3836 1210 3915 parte
1232 3830 1390 3916 descripta
1412 3835 1498 3894 sunt.

340 3936 482 4019 Apparet
504 3937 589 3999 enirn
611 3936 644 4000 in
668 3959 790 4001 ιιιιοιιοσ
806 3937 995 4024 Amicorum
1017 3959 1098 4003 saec.
1114 3936 1159 4003 lV
1175 3938 1241 4021 (no.
1254 3935 1300 4022 3),
1325 3940 1381 4021 qui
1395 3922 1501 4002 uirum

335 4041 513 4105 Palladium
529 4046 692 4108 tenentem
716 4050 814 4126 atque
828 4049 922 4109 caute
938 4046 1192 4129 progredientem
1208 4044 1351 4121 exhibet,
1373 4044 1500 4109 Diome·

337 4149 408 4212 dem
423 4148 653 4231 repraesentari
669 4169 741 4213 curn
758 4149 800 4215 ad
815 4170 913 4215 naves
928 4151 1011 4216 redit
1025 4157 1119 4235 raptu
1136 4151 1288 4236 perfecto.
1317 4152 1422 4235 Atque
1439 4151 1501 4215 huc
1595 4151 1597 4153 ’
1630 4206 1632 4212 .

338 4275 465 4345 quoque
498 4256 636 4365 pertinet
669 4257 790 4343 ιίφυυυι
823 4257 1005 4323 Monoecus
1026 4254 1093 4343 (nc.
1117 4256 1152 4340 4)
1175 4262 1266 4349 cujus
1289 4259 1499 4349 archetypum
