3334 5042
794 430 1014 495 ..58-

321 624 413 707 signo
436 631 533 709 atque
555 625 594 690 de
616 625 740 690 ratione
769 646 833 710 qna
859 626 893 689 in
922 626 1003 689 hanc
1025 625 1135 688 urbem
1163 623 1355 688 translatum
1382 621 1481 689 fuerit

322 731 416 816 longe
439 732 502 797 alia
524 739 695 797 narrentur
718 754 814 816 quam
837 754 917 815 quae
941 731 1043 796 adhuc
1066 732 1289 816 comperimus,
1321 751 1371 794 res
1399 750 1480 793 novo

321 838 427 922 capite
448 840 619 904 tractanda
642 861 708 904 esse
731 839 811 903 mihi
834 840 901 903 risa
923 842 982 904 est.

411 945 515 1010 Pauca
537 947 673 1031 primum
697 946 738 1011 66
754 946 849 1010 rebus
866 944 1033 1010 Siritarum
1048 966 1240 1029 praeponere
1258 945 1363 1008 liceat.
1398 940 1477 1006 Cum

322 1049 421 1117 Jonas
456 1051 639 1137 Colophone
660 1075 679 1115 a
713 1052 809 1138 Lydis
838 1053 961 1136 expulsi
987 1053 1120 1116 circae.
1145 1050 1210 1117 680
1232 1075 1260 1116 6.
1285 1050 1359 1115 Chr.
1384 1071 1415 1112 n.
1439 1047 1480 1112 ad

322 1156 417 1223 Sirim
432 1157 550 1223 flumen
565 1160 769 1243 appulissent,
785 1159 1001 1243 antiquiorem
1014 1161 1079 1243 jam
1096 1160 1205 1227 urbem
1221 1156 1266 1222 ibi
1281 1158 1479 1232 invenerunt,

321 1264 410 1346 eujus
433 1265 523 1350 origo
546 1265 587 1328 66
602 1264 756 1349 Trojanos
772 1288 788 1328 6
805 1266 909 1348 patria
933 1266 1082 1349 expulsos
1091 1266 1158 1349 jam
1173 1264 1314 1348 antiquis
1329 1262 1480 1346 tempori·

322 1370 380 1434 bus
404 1371 597 1436 referebatur
620 1369 756 1457 (Timaei
778 1370 839 1454 frg.
856 1372 908 1450 62,
933 1371 983 1435 Ps.
1008 1370 1105 1435 Arist.
1130 1370 1242 1435 Mirab.
1268 1370 1341 1447 106,
1366 1368 1480 1434 Strabo

322 1476 396 1553 264,
421 1476 519 1542 schol.
545 1482 605 1542 vet.
631 1482 663 1542 et
684 1477 786 1542 Tzetz.
816 1480 856 1542 ad
879 1477 954 1562 Lyc.
980 1478 1043 1544 978
1059 1475 1146 1562 666.)
1191 1478 1287 1542 Jones
1313 1475 1373 1540 hac
1401 1476 1479 1539 urbe

321 1587 418 1667 capta
432 1605 549 1649 novum
567 1584 716 1669 oppidum
734 1586 947 1650 condiderunt
962 1584 1048 1669 qnod
1064 1583 1207 1647 Polieum
1225 1583 1478 1649 nominaverunt.

321 1687 504 1754 Praevaluit
537 1696 642 1755 tamen
674 1696 763 1755 vetus
792 1690 905 1756 Siridis
937 1691 1162 1755 denominatio.
1190 1725 1228 1735 -
1254 1688 1342 1765 Quae
1371 1690 1480 1753 civitas

321 1815 392 1859 cnm
416 1799 487 1860 tum
508 1796 650 1874 floreret,
674 1797 755 1861 circa
777 1819 807 1861 s.
824 1798 890 1863 560
912 1821 931 1861 6
952 1797 1148 1881 Sybaritauis
1171 1801 1203 1861 et
1224 1795 1480 1860 Crotoniensibus

320 1910 504 1987 oppugnata
527 1925 563 1967 ac
585 1903 690 1967 deleta
713 1907 772 1968 est.
817 1904 895 1968 Eam
919 1909 1025 1968 tamen
1049 1925 1128 1969 ssec.
1145 1903 1175 1968 V
1191 1924 1301 1968 rursus
1325 1904 1480 1968 exstitisse

319 2008 482 2074 nonnullis
505 2010 642 2073 nummis
665 2010 843 2074 ostenditur
866 2010 980 2091 (Head,
1006 2011 1091 2076 Hist.
1107 2033 1192 2076 num.
1217 2034 1247 2095 p.
1265 2008 1331 2095 69).
1378 2010 1479 2075 Hera·

319 2116 388 2180 elea
409 2137 485 2180 vero
508 2137 536 2180 a.
560 2115 625 2181 432
641 2138 660 2181 n
675 2115 855 2182 Tarentinis
870 2118 1007 2196 condita,
1032 2117 1127 2203 hujus
1143 2118 1278 2183 civitatis
1293 2119 1478 2183 suburbium

320 2219 398 2285 Siris
413 2222 496 2287 facta
519 2227 577 2288 est.
670 2272 673 2277 -

409 2327 459 2394 Ad
475 2330 563 2395 urbis
579 2351 653 2395 6666
668 2331 822 2414 originem
837 2331 952 2396 Siritae
968 2334 1049 2396 teste
1061 2329 1218 2398 Strabone
1234 2333 1328 2397 etiam
1346 2329 1480 2396 Palladii

320 2432 446 2519 Trojani
463 2437 689 2519 possessionem
704 2436 887 2502 referebant
903 2436 991 2517 (2642
1018 2436 1116 2524 qest
1129 2441 1189 2500 τῶν
1206 2437 1317 2524 Τρώων
1332 2435 1482 2505 κατοικίας

322 2540 477 2628 τεκμήριον
501 2543 650 2605 ποιοῦνται
684 2543 717 2605 τὸ
752 2546 801 2630 τῆς
823 2540 957 2628 Ἀθηνᾶς
982 2548 1034 2631 τῆς
1052 2542 1171 2612 Ἰλιάδος
1194 2543 1303 2617 ξόανον
1325 2542 1480 2630 ἱδρυμένον

321 2644 437 2710 aerata.
494 2648 672 2715 Secundum
708 2649 890 2737 Stephanum
913 2652 990 2736 Byr.
1050 2650 1147 2716 Jones
1189 2652 1298 2716 urbem
1336 2652 1479 2718 Polieum

321 2754 565 2839 appellaverunt
588 2754 647 2817 ἀπὸ
671 2760 725 2843 τῆς
745 2754 777 2818 ἐν
800 2754 869 2840 Ἰλίῳ
897 2754 1047 2825 Πολιάδος
1072 2754 1258 2845 Ἀθηνᾶν).
1306 2762 1413 2844 Atque
1440 2760 1479 2823 de

269 2888 274 2895 ·
322 2861 381 2925 boc
403 2861 561 2927 Minervae
584 2863 675 2946 signo
700 2865 780 2927 hanc
803 2862 946 2928 fabulam
962 2865 1152 2929 narrabant:
1176 2868 1254 2930 urbe
1277 2867 1317 2931 ab
1334 2865 1479 2930 hostibus

321 2973 415 3052 capta
449 2991 521 3034 cum
554 2970 689 3035 victores
723 2991 852 3035 asacro
887 2971 1054 3036 simulacro
1079 2973 1253 3056 supplices,
1288 2973 1373 3037 inter
1401 2993 1479 3055 quos

320 3076 466 3140 sacerdos
489 3077 539 3139 vel
562 3076 739 3141 sacerdotis
758 3076 844 3141 filius
867 3083 945 3156 erat,
969 3078 1151 3156 avellerent,
1176 3078 1252 3143 deae
1275 3079 1413 3163 signum,
1438 3100 1479 3143 ne

320 3183 404 3247 tanti
416 3183 543 3248 sceleris
558 3189 688 3267 aspectu
704 3185 984 3261 contaminaretur,
1002 3186 1110 3250 oculos
1123 3186 1272 3250 clausisse
1284 3186 1478 3270 (καταμῦοαι)

320 3295 418 3371 66666
442 3290 493 3355 616
510 3290 574 3354 vim
595 3312 683 3354 susm
708 3290 876 3355 mirificam
900 3293 1081 3357 ostendisse.

408 3396 456 3460 De
471 3401 614 3480 tempore
630 3402 737 3462 autem
752 3420 816 3483 quo
833 3397 913 3463 haec
928 3398 1105 3464 acciderint
1117 3399 1310 3477 dissentiunt
1321 3404 1477 3477 auctores,

320 3523 391 3566 cum
416 3501 526 3568 Strabo
549 3501 640 3589 (204)
672 3506 803 3569 remed
827 3506 1097 3590 expugnationem
1130 3507 1171 3570 ab
1194 3503 1329 3570 Jonibus
1362 3505 1478 3571 factam

319 3607 448 3686 referat,
472 3607 612 3674 Justinus
633 3617 743 3676 contra
766 3610 888 3698 (XX,2)
905 3612 1090 3697 Pompeium
1107 3611 1247 3698 Trogum
1262 3617 1397 3692 secutus,
1415 3636 1478 3698 quo

320 3719 463 3800 tempore
487 3715 671 3801 Sybaritani
693 3725 726 3784 et
742 3717 964 3784 Crotonienses
986 3721 1098 3784 urbem
1117 3724 1272 3804 ceperunt
1287 3739 1323 3784 66
1338 3722 1479 3785 evenisse

320 3826 437 3887 narret.
482 3822 689 3911 [6666666616
712 3825 918 3891 Alexandrae
941 3847 1048 3891 versus
1062 3828 1141 3891 satis
1164 3826 1290 3893 obscuri
1304 3826 1478 3892 ers-992

320 3950 385 4011 quo
408 3929 502 3995 modo
524 3931 732 4016 intellegendi
751 3934 817 3997 sint
832 3933 963 3997 minime
979 3935 1090 4017 liquet.
1135 3933 1182 3999 Ac
1197 3933 1334 4017 primum
1351 3933 1479 4017 quidem

391 4087 411 4152 ¹)
430 4085 700 4143 Animadvertendum
718 4093 759 4143 est
777 4091 897 4144 Aeneam
919 4090 948 4144 in
971 4089 1108 4145 Siritarum
1131 4090 1320 4147 traditionibus
1343 4107 1479 4162 nunqnam

320 4173 463 4240 nominari,
486 4190 573 4245 neque
592 4174 702 4230 Siridem
720 4193 838 4248 unquam
857 4178 892 4233 ab
911 4179 951 4233 eis
970 4182 1202 4233 commemoratam
1229 4196 1288 4235 6666
1316 4180 1361 4251 661
1384 4183 1480 4250 postea

319 4262 438 4319 diversas
456 4262 490 4319 de
508 4264 615 4319 Aeneae
634 4264 836 4334 migrationibus
855 4265 960 4322 fabulas
978 4267 1232 4326 contaminavemnt.
