3334 5042
251 492 355 577 eapite
385 489 515 555 absciso
544 491 627 553 inter
651 510 781 552 sorores
810 489 894 551 duas
923 487 1081 551 Perseum
1105 487 1285 572 fugientem
1310 509 1422 572 perse·

252 608 390 684 quentes
420 599 452 660 in
477 619 557 661 saxo
588 596 691 677 sedet,
728 618 746 658 e
776 593 859 658 eollo
889 603 996 659 autem
1033 594 1108 658 alati
1138 596 1256 680 Pegasi
1266 594 1289 680 ¹)
1325 605 1424 680 eaput

252 706 398 789 emergit,
424 706 512 790 quod
536 707 612 768 item
636 705 769 790 propria
793 705 942 788 corporis
966 726 1043 788 pars
1069 724 1144 767 esse
1162 702 1300 767 ridetur.
1341 701 1422 765 Alae

213 867 214 870 ,
252 821 398 876 aeterum
411 812 572 896 Pegas02)
596 834 637 874 an
661 809 821 874 Medusae
830 811 855 893 3)
872 809 1064 873 tribuendae
1081 811 1155 891 sint,
1173 808 1322 873 dubitare
1338 808 1422 874 lieet.

253 919 338 984 Sane
373 919 496 983 umeris
531 917 689 983 Medusae
726 917 914 982 adhaerent.
963 916 1031 981 Sed
1061 926 1097 979 ut
1124 939 1199 980 oum
1225 917 1346 1001 Pegasi
1371 939 1422 980 ca-

251 1028 317 1113 pite
354 1028 638 1110 ooniungerentur‚
675 1016 806 1088 omnino
841 1023 912 1086 fieri
947 1047 1013 1087 non
1047 1026 1158 1109 ¹potuit.
1207 1022 1423 1088 Nihilominus

251 1133 327 1197 huic
352 1155 408 1196 eas
433 1131 624 1196 tribuendas
649 1154 724 1195 esse
750 1131 800 1194 his
824 1134 1028 1215 argumentis
1053 1129 1224 1217 probabile
1248 1131 1293 1194 fit.
1339 1130 1422 1195 Alae

251 1262 310 1325 pro
336 1240 501 1325 Gorgonis
525 1240 631 1324 figura
654 1238 755 1303 multo
785 1241 928 1303 minores
961 1249 1046 1318 sunt,
1071 1239 1116 1303 ad·
1142 1247 1240 1325 eaput
1269 1239 1422 1324 equinum

252 1346 398 1434 perbene
423 1348 593 1433 quadrant.
641 1347 817 1411 Praeterea
841 1349 961 1431 pinnae
985 1348 1017 1409 in
1039 1345 1140 1409 altum
1165 1343 1312 1410 sublatae
1337 1355 1423 1424 sunt,

252 1455 339 1541 quod
364 1477 439 1520 euni
455 1454 595 1519 Medusa
617 1452 789 1518 interfecta
812 1476 879 1517 non
903 1455 1065 1536 convenit,
1084 1454 1211 1537 Pegaso
1236 1452 1423 1518 subvolanti

252 1564 459 1649 aptissimum
483 1573 543 1625 est.
583 1562 737 1647 Denique
761 1584 803 1625 ne
827 1584 959 1626 sorores
984 1561 1116 1647 quidem
1142 1560 1338 1645 Gorgoneas
1363 1563 1423 1627 alis

252 1669 420 1756 praeditae
445 1680 529 1734 sunt.

343 1793 509 1881 Operibus
533 1796 640 1860 adhue
658 1797 858 1860 enumeratis
882 1795 1022 1858 addatur
1037 1794 1177 1858 Etrusca
1202 1794 1326 1878 eistat)
1373 1796 1424 1859 Ex

253 1901 336 1966 eollo
360 1902 517 1967 Medusae
542 1902 693 1989 relapsae
718 1905 822 1987 surgit
847 1911 945 1987 eaput
967 1903 1086 1986 Pegasi
1111 1901 1273 1985 anguibus
1298 1901 1423 1988 Gorgo-

251 2011 323 2073 neis
348 2011 630 2093 oiroumeinetum3
655 2034 675 2074 a
702 2019 793 2096 parte
823 2010 938 2074 dextra
966 2032 1058 2073 soror
1082 2009 1240 2073 Medusae
1265 2011 1422 2075 Perseum

252 2139 271 2180 a
294 2115 457 2181 Mercurio
482 2127 709 2204 exspectatum
734 2119 951 2203 persequitur.

340 2224 454 2309 Imago
483 2235 591 2288 autem
622 2225 763 2288 maxime
793 2226 876 2287 mira
905 2225 1046 2287 ooourrit
1080 2226 1112 2287 in
1145 2234 1271 2288 cratera
1298 2224 1425 2289 Nolana

251 2331 364 2417 figuris
381 2332 489 2396 rubris
505 2331 718 2417 neglegenter
733 2333 862 2417 pietas>
886 2331 1029 2395 Perseus
1046 2354 1145 2395 manu
1163 2331 1278 2395 dextra
1294 2331 1423 2408 falcem,

252 2441 384 2503 sinistra
408 2439 525 2503 eibisin
554 2450 699 2523 gestans
730 2462 747 2502 e
773 2461 837 2525 qua
872 2462 977 2524 aeque
1002 2448 1099 2524 atque
1135 2440 1165 2501 in
1203 2438 1275 2502 aliis
1311 2462 1423 2503 monu-

252 2549 370 2610 mentis
411 2549 518 2611 erines
558 2547 725 2632 Gorgonei
764 2548 964 2632 prominent,
1004 2549 1244 2634 appropinquat
1282 2547 1424 2611 feminae

251 2655 361 2718 tunioa
377 2653 475 2738 longa
493 2656 630 2718 vestitae
648 2662 680 2717 et
695 2677 794 2718 manu
807 2656 940 2718 sinistra
953 2677 1116 2735 eoronam,
1136 2655 1252 2719 dextra
1274 2654 1423 2719 frondem

251 2764 400 2847 portanti,
425 2784 508 2848 quae
534 2763 640 2848 capite
665 2764 798 2826 cervino
822 2763 972 2848 praedita
996 2773 1059 2845 est3
1085 2787 1104 2826 a
1128 2763 1242 2826 dextra
1269 2771 1361 2848 parte
1390 2765 1422 2825 in

252 2869 325 2934 basi
353 2877 416 2933 stat
439 2869 605 2933 Victoriae
634 2869 740 2954 figura
769 2869 853 2933 alata
886 2891 1039 2933 eoronam
1069 2878 1102 2932 et
1130 2872 1242 2932 vittam
1272 2862 1423 2932 manibus

251 2985 377 3040 tenens.
415 2979 463 3041 Ae
488 2975 679 3041 Gerhardus
704 2979 817 3040 miram
841 2976 929 3039 illam
953 2976 1091 3060 figuram
1117 2976 1423 3040 Dianam-Hecaten

252 3106 327 3148 esse
351 3084 482 3161 iudicat.
509 3105 591 3169 quae
615 3083 773 3148 Perseum
798 3084 940 3170 quodam
965 3084 1060 3148 modo
1085 3084 1127 3148 ad
1151 3083 1254 3147 solem
1278 3083 1422 3147 referen-

251 3191 329 3256 dum
347 3195 421 3255 esse
439 3193 634 3271 documento
652 3194 702 3255 sit.
720 3192 961 3273 Hermannus‘3)
987 3201 1086 3277 eaput
1109 3193 1273 3276 equinum,
1300 3213 1423 3255 cornua

249 3307 358 3388 autem
399 3321 482 3384 quae
521 3298 682 3381 videntur,
724 3301 893 3384 sanguinis
944 3298 1144 3384 prosilientis
1183 3297 1307 3361 rivulos
1347 3320 1422 3361 esse

251 3407 378 3470 oonieit.
427 3406 525 3487 Quod
548 3409 621 3492 ipsa
638 3408 765 3492 pistura
788 3405 960 3472 refutatur.
1008 3406 1082 3487 Qua
1101 3427 1167 3469 non
1185 3408 1291 3469 minus
1308 3405 1422 3469 Miloh·

250 3511 375 3578 hoeferi
399 3516 506 3600 opinio
528 3514 704 3600 repellitur,
730 3517 786 3600 qui
802 3513 943 3600 simplex
968 3517 1043 3599 equi
1060 3524 1159 3599 eaput
1175 3514 1421 3598 agnoscendum

250 3642 325 3685 esse
349 3623 481 3706 putat.⁷)
530 3621 675 3686 Oookius
700 3622 842 3708 denique
866 3645 931 3685 una
955 3644 1036 3685 ansa
1061 3642 1144 3706 quae
1167 3620 1282 3683 Persei
1317 3620 1422 3705 figura

250 3728 433 3814 praebetur,
462 3728 612 3813 neglecta
636 3729 841 3815 Iphigeniam
876 3727 1105 3793 immolandam
1142 3728 1301 3811 agnoseit,
1337 3750 1421 3813 quae

250 3844 305 3900 aut
339 3838 503 3900 cervinam
538 3837 667 3901 Dianae
701 3859 875 3921 personam
904 3846 997 3919 gerat
1025 3845 1080 3899 aut
1107 3836 1140 3897 in
1178 3856 1309 3898 cervam
1345 3857 1419 3898 oon-

340 4050 357 4109 ¹l
376 4048 438 4101 Non
459 4047 630 4115 Chrysaoris,
650 4050 683 4100 ut
704 4046 921 4114 Heydemannus
940 4046 1079 4113 opinatur.

337 4139 358 4203 ²)
380 4136 424 4190 Sio
444 4137 532 4206 Heyd.
553 4137 570 4189 l.
591 4154 614 4189 e.
635 4140 664 4189 et
682 4136 772 4188 Knatz
791 4154 818 4204 p.
839 4137 881 4189 21.

339 4228 359 4292 ³)
379 4226 423 4280 Sic
443 4226 474 4279 Ο.
493 4226 568 4280 Jahn
587 4228 604 4281 l.
626 4244 647 4279 c.
667 4244 694 4294 p.
713 4226 738 4278 8.

336 4321 357 4381 ⁴)
377 4316 426 4370 Ed.
448 4315 584 4383 Beneker‚
604 4316 699 4368 Roem.
720 4315 792 4368 Mitt.
814 4313 868 4367 VII
887 4314 980 4381 (1882)
1000 4333 1025 4384 p.
1045 4315 1106 4366 225.
1203 4352 1205 4355 .

336 4407 356 4471 ⁵)
377 4406 426 4458 Ed.
447 4406 584 4468 Gerhard,
604 4405 712 4465 Auserl.
732 4404 795 4457 Vas.
816 4404 865 4467 893
888 4406 910 4473 1,
930 4405 955 4458 2.

337 4497 357 4559 ⁶)
376 4495 495 4549 Perseus
513 4495 571 4547 und
590 4494 770 4547 Andromeda
788 4494 883 4561 (1865)
902 4514 929 4565 p.
948 4494 973 4548 ὁ.

339 4585 357 4657 ³3
377 4583 524 4653 Anfaenge
541 4603 569 4655 p.
590 4583 670 4638 6211.
693 4585 715 4637 1.
