3334 5042
1640 447 2148 526 7-...‘·2-

788 635 994 719 cincto
1041 659 1106 719 et
1151 636 1481 738 chlamyde
1526 657 1793 720 vestitus
1848 661 2069 739 petaso
2123 677 2161 719 a
2206 655 2444 721 cervice
2488 657 2825 739 pendente.
2911 655 3112 722 Laeva

787 760 1039 844 signum
1096 757 1426 826 Minervae
1481 766 1680 840 tenet,
1751 761 1973 827 dextra
2026 761 2297 827 demissa
2361 763 2646 845 gladium
2701 762 2961 828 nudum.
3052 764 3110 828 Is

786 871 955 932 certe
1001 866 1238 932 furiose
1283 868 1352 933 in
1399 867 1764 933 obstantem
1795 869 2036 934 irruere
2067 867 2341 946 videtur,
2390 870 2501 953 qui
2532 869 2782 953 trepide
2824 869 3108 935 dextror-

783 995 924 1040 sum
970 973 1155 1056 fugit.
1252 971 1702 1037 ΔΕΜΟΦΑΟΝ
1740 975 1795 1039 ei
1841 976 2219 1059 inscriptum
2267 980 2382 1040 est.
2455 975 2546 1041 Vt
2592 976 2805 1041 frater
2845 978 3107 1042 Acamas

784 1080 992 1145 nudus
1037 1085 1136 1146 est
1182 1086 1441 1164 praeter
1485 1080 1907 1165 chlamydem.
1944 1117 2026 1127 —
2068 1080 2445 1158 Intervenit,
2495 1102 2638 1146 oum
2698 1084 2979 1147 dextram
3028 1085 3103 1147 ad

783 1209 888 1252 eos
939 1189 1284 1271 protendit,
1343 1189 1440 1253 vir
1484 1187 1789 1253 barbatus
1835 1188 2092 1253 chitone
2146 1194 2210 1252 et
2258 1188 2518 1253 himatio
2566 1189 2847 1266 indutus,
2919 1211 3103 1273 quem

781 1315 998 1380 regem
1045 1316 1181 1360 esse
1228 1294 1453 1359 baculo
1508 1300 1735 1359 ornato
1781 1294 1937 1359 satis
1995 1293 2496 1370 demonstratur;
2564 1297 2950 1379 adscriptum
3011 1303 3105 1362 est

781 1422 1013 1475 nomen
1060 1388 1570 1466 AAAMEEMON.

957 1504 1024 1571 Si
1071 1508 1433 1593 quaerimus
1480 1508 1632 1591 quid
1682 1511 1930 1592 agatur,
1990 1507 2264 1592 primum
2312 1512 2581 1592 apparet
2625 1505 2994 1575 Diomedem
3044 1517 3105 1575 et

781 1612 1033 1683 Vlixem
1082 1627 1179 1679 ‘ex
1246 1613 1648 1698 expeditione
1705 1615 1981 1698 quadam
2050 1614 2287 1690 tedir03
2346 1649 2430 1660 —
2488 1632 2761 1698 cumque
2829 1618 3102 1701 expediti

776 1721 921 1797 sint,
993 1741 1124 1786 non
1170 1720 1446 1794 ,dubium
1502 1726 1599 1785 est
1664 1721 1826 1803 quin
1884 1741 2014 1785 rem
2080 1721 2397 1806 quandam
2454 1719 2761 1796 furtivam
2819 1723 3101 1808 egerint3

779 1825 1068 1894 Palladia
1111 1828 1191 1892 ab
1249 1827 1339 1891 eis
1396 1830 1581 1911 rapta
1639 1847 1776 1891 esse
1844 1828 2248 1912 perspicuum
2303 1832 2416 1894 est.
2493 1863 2572 1874 -
2646 1827 2746 1895 Ex
2802 1851 2874 1894 eo
2931 1830 3102 1914 quod

776 1934 974 1998 ceteri
1016 1933 1244 1998 Achivi
1284 1935 1560 2000 inermes
1599 1937 1750 1998 sunt
1789 1937 1966 2017 patet
2028 1955 2162 1998 rem
2193 1933 2261 1996 in
2294 1931 2677 1998 Graecorum
2710 1937 2930 2000 castris
2976 1939 3097 2020 agi.

780 2074 864 2085 —
909 2038 1187 2104 Jahnius
1253 2046 1471 2105 autem
1542 2041 1652 2123 qui
1720 2040 1909 2123 hujus
1966 2040 2131 2104 vasis
2186 2041 2466 2125 picturas
2531 2061 2588 2105 a.
2643 2040 2811 2106 1858
2880 2043 3096 2123 edidit,

774 2146 961 2212 aliter
1027 2147 1194 2212 hanc
1257 2147 1545 2212 tabulam
1610 2146 1917 2230 explicari
1968 2167 2095 2210 non
2157 2167 2340 2231 posse
2395 2148 2647 2230 putavit
2700 2150 2823 2213 nisi
2877 2150 2972 2215 ita
3026 2158 3098 2215 ut

772 2251 1117 2318 Diomedes
1148 2260 1221 2329 ¹et
1248 2253 1462 2330 Vlixes
1508 2276 1733 2319 manus
1771 2273 2109 2323 conserere
2155 2254 2377 2330 velint,
2424 2276 2462 2317 a
2506 2256 2733 2327 ceteris
2778 2277 2926 2322 vero
2973 2257 3097 2322 dis-

771 2360 1114 2427 tineantur.
1229 2358 1408 2436 Quae
1490 2361 1829 2445 explicatio
1900 2381 2282 2445 quamquam
2350 2381 2391 2423 a
2454 2361 2630 2425 nullo
2699 2362 2765 2425 in
2838 2363 3097 2429 dubium

771 2471 997 2541 ,vocata
1043 2472 1160 2543 est,
1209 2467 1368 2534 mihi
1414 2468 1673 2552 quidem
1720 2467 1976 2541 minime
2022 2471 2198 2531 certa
2242 2466 2513 2532 videtur.
2605 2465 2902 2535 Dubitari
2942 2492 3097 2534 sane

774 2593 901 2641 non
956 2577 1168 2656 potest
1224 2576 1381 2659 quin
1423 2575 1778 2641 universam
1826 2574 2181 2659 figurarum
2227 2573 2743 2657 compositionem
2790 2575 2868 2638 ad
2916 2575 3096 2649 illum

770 2699 1065 2754 vasorum
1133 2691 1358 2766 typum
1406 2678 1646 2744 Hieron
1705 2679 2024 2746 effinxerit
2092 2700 2221 2763 quo
2293 2679 2562 2744 duorum
2629 2681 2889 2745 heroum
2947 2704 3095 2747 con-

769 2787 974 2862 tentio
1008 2787 1274 2871 exprimi
1310 2787 1475 2852 solet
1495 2783 1570 2870 ¹);
1614 2793 1900 2855 attamen
1934 2791 2200 2871 apparet
2233 2786 2434 2850 multa
2480 2787 2671 2859 etiam
2699 2784 2780 2850 ab
2814 2807 2890 2852 eo
2923 2808 3097 2853 com-

769 2899 1010 2961 mutata
1056 2915 1206 2963 esse.
1252 2930 1336 2941 —
1385 2893 1640 2958 Etenim
1688 2914 1834 2958 eum
1881 2893 2192 2958 diversum
2243 2897 2693 2976 argumentum
2742 2896 3096 2978 exprimere

770 3001 1060 3077 voluisse,
1140 3002 1258 3065 etsi
1331 3001 1570 3085 figuras
1646 3004 1719 3065 ut
1786 3002 1886 3075 ,ita
1962 3001 2165 3065 dicam
2242 3000 2488 3083 typicas
2555 2998 2939 3079 adhibuerit,
3021 3024 3094 3066 eo

761 3107 894 3192 jam
982 3108 1306 3193 probabile
1393 3106 1470 3181 fit
1558 3108 1729 3191 quod
1823 3112 1957 3171 tam
2053 3110 2348 3176 accurate
2441 3106 2675 3190 figuras
2776 3104 2844 3172 in
2940 3109 3096 3177 duas

769 3219 981 3296 partes
1052 3215 1424 3299 sejunxerit,
1503 3214 1721 3278 addito
1786 3214 2191 3299 symmetriae
2262 3233 2450 3281 causa
2520 3214 2709 3285 etiam
2775 3214 3096 3288 Phoenice

769 3340 954 3403 quem
1024 3323 1187 3386 nihil
1214 3313 1334 3398 sad
1375 3342 1386 3367 ·-
1403 3341 1538 3397 rem
1605 3320 1984 3405 pertinuisse
2041 3320 2567 3387 verisimillimum
2632 3327 2746 3387 est.
2805 3359 2892 3368 —
2947 3322 3093 3388 Non

769 3443 956 3492 unam
1025 3428 1245 3514 igitur,
1310 3430 1424 3493 sed
1482 3429 1640 3493 duas
1710 3427 1921 3512 potius
1966 3427 2135 3491 rixas
2191 3448 2519 3512 expressas
2574 3451 2706 3493 esse
2764 3431 2948 3494 credo
3019 3451 3093 3494 ac

769 3534 1044 3608 tabulam
1106 3535 1204 3608 ita
1269 3535 1684 3619 interpretor:
1781 3534 2116 3600 Diomedes
2185 3540 2251 3599 et
2296 3534 2512 3601 Vlixes
2558 3557 2699 3601 cum
2750 3534 2940 3618 Troja
2993 3557 3092 3600 re-

765 3641 958 3715 deunt
1002 3664 1040 3705 a
1070 3641 1510 3725 Demophonte
1542 3646 1608 3707 et
1640 3640 1984 3707 Acamante
2013 3643 2227 3708 nescio
2281 3664 2407 3725 qua
2454 3643 2531 3706 de
2572 3663 2759 3706 causa
2790 3642 3091 3707 cohiben-

765 3751 884 3825 tur,
957 3748 1063 3831 qui
1120 3748 1355 3832 aliquid
1412 3750 1735 3829 acerrime,
1804 3754 1880 3813 ut
1923 3770 2003 3823 ne
2045 3751 2168 3814 vim
2214 3746 2471 3832 quidem
2513 3752 2838 3831 spernant,
2909 3747 3090 3830 flagi-

761 3857 896 3941 tare
956 3855 1273 3939 videntur.
1389 3853 1457 3918 Si
1525 3856 1886 3938 conjectura
1954 3854 2049 3918 uti
2120 3853 2284 3931 licet,
2357 3852 2638 3918 Palladia
2705 3859 2954 3938 petunt.
3004 3891 3090 3900 —
3145 3899 3149 3904 -

769 3957 1093 4040 Resistunt
1146 3965 1459 4043 raptores,
1516 3962 1626 4025 sed
1683 3963 1774 4032 ita
1820 3966 2035 4025 tamen
2084 3966 2157 4024 ut
2202 3958 2423 4024 Vlixes
2474 3962 2836 4026 Acamantis
2889 3962 3090 4046 impe-

784 4195 790 4200 .
870 4079 939 4186 >¹)
976 4117 1055 4172 Cf.
1096 4117 1384 4184 vasculum,
1423 4116 1638 4171 Duridis
1676 4134 1831 4186 opus,
1878 4117 2022 4188 quod
2059 4117 2242 4187 Ajacis
2278 4121 2333 4172 et
2360 4117 2527 4172 Vlixis
2562 4119 2631 4173 de
2666 4118 2887 4174 Achillis
2924 4118 3089 4173 armis

757 4205 1147 4260 eontentionem
1205 4205 1469 4274 depictam
1526 4205 1703 4261 habet.
1791 4205 1864 4260 W.
1913 4206 2214 4277 Vorlegebl.
2271 4205 2339 4261 Vl
2390 4207 2435 4261 1.
2521 4207 2750 4275 Rebas-t,
2806 4207 2928 4262 Bild
2976 4207 3085 4261 und

761 4291 898 4347 Lied.
938 4293 1055 4347 215.
