3334 5042
670 442 876 507 ...47-

279 637 318 704 ln
352 638 411 703 hac
443 638 528 705 enirn
563 639 676 703 tabula
707 639 796 722 picta
828 638 998 705 Diomedes
1031 637 1087 720 qni
1120 637 1160 701 de
1195 658 1285 701 muro
1318 638 1351 700 in

192 766 282 810 aram
306 745 463 828 Apollinis
484 746 578 809 modo
600 744 729 809 desiluit
751 745 791 809 ab
815 744 910 809 Vlixe
935 743 1215 809 vehementissimis
1237 764 1347 828 oppro-

192 854 267 916 briis
290 852 463 935 excipitur;
490 852 621 917 minime
644 851 744 935 igitur
766 853 799 914 in
825 851 935 914 urbem
958 851 1137 933 penetravit
1160 850 1351 927 Laertiades,

190 963 287 1043 atque
320 959 361 1021 ob
395 959 427 1022 id
450 958 553 1041 ipsum
587 959 635 1021 ira
658 958 788 1023 effertur
811 957 844 1021 ni
867 956 961 1022 fallor
984 957 1069 1040 qnod
1092 977 1112 1020 a
1136 955 1289 1021 Diomede
1312 957 1352 1022 ad

191 1067 318 1130 moenia
339 1065 470 1129 relictus
492 1069 549 1129 est.
600 1062 689 1131 Sacc.
713 1068 823 1128 autem
838 1062 880 1128 lV
902 1064 1006 1147 partis
1028 1063 1161 1127 alterins
1183 1064 1233 1128 vel
1268 1083 1352 1127 eaec.

191 1171 277 1236 tertii
301 1172 494 1254 archetypus
517 1170 570 1235 ille
597 1170 782 1253 deperditus
816 1168 908 1234 nobis
931 1170 1016 1233 visus
1049 1175 1110 1233 est.
1156 1168 1253 1233 Estne
1279 1169 1353 1234 inde

190 1277 404 1360 colligendum
417 1278 484 1360 jam
509 1274 663 1346 aLescha
684 1277 814 1341 remita
826 1281 988 1341 narratam
1012 1277 1098 1339 esse?
1132 1274 1202 1360 Ego
1224 1277 1353 1359 quidem

191 1384 224 1447 id
247 1384 327 1448 mibi
350 1384 538 1467 persuadere
561 1402 693 1466 nequeo.
728 1381 767 1446 In
786 1370 891 1452 tabula
913 1382 996 1445 enim
1010 1380 1109 1444 luna
1132 1401 1213 1464 quae
1228 1382 1353 1461 dicitas,

190 1490 223 1553 in
262 1511 325 1573 qna
364 1509 413 1553 res
448 1494 525 1554 ante
563 1488 665 1557 urbis,
690 1489 958 1572 expugnationem
991 1492 1100 1571 gestas
1132 1489 1173 1559 ad
1211 1488 1353 1555 Leschae

189 1595 286 1659 fidem
309 1595 430 1661 effictas
453 1616 521 1665 esse
554 1594 759 1678 inscriptione
786 1594 1003 1669 confirmatur,
1037 1593 1132 1657 ambo
1166 1596 1280 1660 heroes
1312 1616 1352 1661 ex

189 1703 268 1764 urbe
307 1701 457 1778 evadunt,
504 1701 588 1782 quod
630 1701 817 1784 praesertim
855 1700 894 1763 de
931 1697 1041 1762 Vlixe<
1061 1700 1191 1771 minime
1222 1701 1352 1767 dubium

190 1807 269 1871 mihi
319 1806 446 1872 videtur
486 1827 557 1870 cum
608 1806 753 1871 nondum
787 1811 876 1869 tutus
918 1826 936 1869 e
978 1810 1071 1890 porta
1116 1826 1260 1889 egressus
1299 1809 1351 1871 sit.

190 1913 295 1978 Procli
332 1895 449 1978 deinde
478 1914 592 1989 verbis,
627 1913 753 1977 etiamsi
787 1933 823 1976 ca
857 1933 923 1977 non
957 1912 1049 1975 nimis
1082 1914 1253 1996 premenda
1287 1935 1353 1977 esse

190 2021 337 2098 concedo,
385 2025 416 2085 et
454 2017 583 2084 Vlixem
617 2019 649 2082 in
689 2019 800 2085 urbem
842 2022 1022 2099 penetrasse
1063 2019 1259 2084 declaratur:
1304 2019 1354 2081 καὶ

185 2125 264 2208 μετὰ
288 2126 381 2191 ταῦτα
415 2123 469 2186 σὺν
491 2122 629 2211 Διομήδει
663 2124 697 2185 τὸ
719 2120 891 2186 Παλλάδιον
914 2121 1057 2207 ἐκκομίζει
1079 2123 1135 2209 (sc.
1160 2125 1284 2209 Vlixes)
1314 2127 1353 2191 ,ἐκ

191 2235 247 2318 cp<
267 2229 380 2315 lucau
414 2231 511 2316 Apud
534 2234 613 2297 dnos
636 2232 772 2315 denique
795 2236 907 2316 poetas
929 2232 1121 2295 recentiores
1145 2234 1200 2315 qui
1216 2232 1351 2299 Palladii

189 2344 317 2422 raptum
348 2340 536 2422 attigerunt,
570 2338 733 2424 Vapilc'cm
764 2338 858 2414 (Aen.
886 2337 918 2402 ll
952 2336 1139 2414 raa-175)
1175 2347 1206 2403 et
1241 2339 1352 2405 &lirun

188 2445 329 2509 Italicum
352 2444 447 2531 (Pun.
464 2445 547 2510 XIlI
569 2447 610 2510 41
631 2443 727 2531 sqq.),
752 2445 894 2513 videmus
918 2450 952 2508 et
968 2441 1095 2507 Vlixem
1118 2450 1150 2508 et
1166 2444 1351 2517 Diomedem

188 2552 220 2614 in
258 2551 369 2616 urbem
403 2551 609 2636 Trojanorum
631 2575 665 2616 se
687 2551 871 2616 immittere.
917 2548 1034 2617 Nescio
1056 2555 1163 2616 autem
1191 2553 1351 2635 adquam

189 2657 394 2723 traditionem
428 2660 586 2743 poeticam
610 2659 725 2723 horum
756 2658 955 2724 narrationes
986 2655 1175 2723 referendae
1201 2660 1272 2723 sint.
1291 2661 1354 2724 nisi

187 2763 231 2827 ad
268 2763 405 2830 Iliadem
442 2762 621 2851 parvam²).
678 2763 780 2829 Valde
822 2784 902 2829 sane
935 2783 956 2828 a
995 2765 1156 2839 sententia
1194 2766 1351 2832 abhorreo

188 2870 343 2937 sinceram
366 2873 516 2937 carminis
539 2872 650 2954 cyclici
673 2872 893 2935 narrationem
908 2893 927 2934 a
940 2871 1043 2953 poetis
1059 2869 1211 2936 Romanis
1225 2873 1349 2937 exhibi-

187 2981 254 3040 tam
276 3000 354 3054 esse;
381 2979 617 3044 conturbantur
638 2998 762 3060 semper
788 2978 914 3041 diversa
937 2983 1096 3042 momenta
1119 3000 1136 3042 e
1159 2980 1255 3044 variis
1279 3001 1350 3044 ver·

186 3083 327 3149 sionibus
348 3091 495 3166 sumpta;
528 3089 670 3149 attamen
693 3105 774 3166 quac
807 3083 993 3169 aVergilio
1019 3088 1200 3162 narrantur,
1236 3085 1353 3159 heroes,

189 3192 307 3255 »caesis
319 3212 458 3255 summae
472 3191 654 3255 custodibus
670 3191 768 3254 arcis«
793 3190 826 3253 in
843 3211 946 3254 arcem
957 3189 1147 3275 Pergamum
1158 3197 1347 3275 penetrasse,

186 3299 349 3380 antiquam
372 3297 498 3362 fabulae
520 3298 659 3381 speciem
682 3318 758 3380 prae
781 3320 814 3360 se
839 3296 919 3361 ferre
941 3296 1017 3360 mihi
1042 3297 1199 3373 videntur.

275 3403 450 3480 Quominus
483 3407 591 3477 autem
625 3404 659 3466 in
692 3423 794 3487 parva
816 3403 916 3468 Iliade
939 3408 1074 3485 uterque
1108 3404 1216 3476 heros
1236 3406 1347 3471 urbem

185 3509 352 3575 intraverit
386 3512 466 3575 nihil
489 3512 522 3577 in
539 3510 892 3594 paroemiographorum
906 3511 1088 3575 narratione
1111 3512 1226 3590 obstat,
1250 3518 1347 3597 atque

257 3809 277 3876 ¹)
295 3807 337 3863 Ex
355 3810 485 3879 epitomes
503 3809 589 3864 verbis
608 3809 715 3863 minime
733 3812 821 3864 tamen
841 3809 971 3880 conjicere
989 3808 1051 3864 licet
1084 3809 1183 3880 primas
1200 3814 1292 3880 partes
1310 3812 1345 3866 ab

185 3894 260 3951 Vlixe
279 3900 353 3952 actas
371 3913 439 3953 esse.
457 3927 491 3937 -
510 3895 581 3953 Cave
594 3913 701 3968 quoqne
719 3914 753 3952 ne
770 3914 802 3953 ex
815 3898 903 3953 Procli
914 3898 1054 3953 verborum
1075 3898 1260 3968 conjunctione
1280 3920 1345 3954 rra

179 3986 254 4054 χείαν
273 3987 300 4038 et
317 3984 431 4040 Palladii
449 3989 555 4055 raptum
574 3985 644 4055 apud
664 3985 793 4041 Lescham
811 3987 850 4041 ita
869 4003 990 4042 connexa
1008 4003 1067 4041 esse
1086 3991 1172 4058 putee,
1195 3990 1225 4042 ut
1241 3987 1344 4043 Helena

183 4076 265 4127 antea
284 4073 317 4127 de
336 4074 412 4143 signo
429 4072 559 4142 rapiendo
572 4089 631 4127 cnm
644 4073 719 4129 Vlixe
732 4075 927 4146 colloqueretur
944 4078 995 4142 (καὶ
1006 4077 1209 4146 ἀνοῃοριοιλεὶς
1224 4079 1268 4146 ὑφ’
1281 4076 1343 4130 Ἐλέ-

183 4179 230 4232 apr
247 4164 304 4232 περὶ
322 4170 369 4234 τῆς
385 4162 509 4223 ἁλώσεως
525 4170 572 4234 τῆς
588 4162 687 4224 πόλεως
702 4160 859 4242 mandarat)
892 4164 934 4218 vel
956 4164 1038 4219 etiam
1055 4168 1177 4235 raptores
1195 4166 1342 4236 adJuvaret.

254 4268 276 4335 ²)
294 4265 373 4321 Certe
391 4283 477 4338 neque
495 4267 531 4323 ab
549 4267 659 4322 Arctino
677 4285 764 4340 neque
782 4286 799 4324 a
817 4268 951 4339 Sophocle
969 4270 1094 4340 pendent.
