3334 5042
635 395 857 459 ..73-

161 588 354 666 referebant,
387 611 469 674 quae
499 591 646 675 Trojanis
680 612 714 655 se
744 595 831 656 ortas
853 612 922 653 esse
951 591 1198 655 contendebant.
1245 590 1329 665 Quin

162 719 235 763 vero
264 720 282 759 a
316 694 435 772 Nauta,
470 698 598 762 Aeneae
632 698 747 762 comite
784 703 883 779 atque
912 699 982 780 ipso
1011 718 1140 781 qnoque
1168 695 1330 762 Minervae

161 803 328 867 sacerdote
360 803 471 888 (Verg.
496 805 577 868 Aen.
602 804 630 867 V
657 803 745 888 704),
780 806 984 869 simulacrum
1022 804 1101 868 illud
1131 825 1261 868 aeneum
1292 805 1331 869 de

162 914 231 993 quo'
261 907 398 974 diximus
432 910 529 995 Troja
567 910 703 975 Romam
737 911 930 975 translatum
965 912 1016 988 sit,
1052 910 1167 975 Nautii
1200 911 1329 975 minime

162 1015 365 1093 dubitabant,
398 1022 497 1099 atque
524 1018 650 1082 videtur
678 1018 757 1082 haec
785 1016 916 1081 traditio
939 1018 1080 1101 aliquam
1103 1018 1330 1085 auctoritatem

159 1122 222 1187 sibi
246 1123 472 1201 conciliavisse,
498 1147 567 1188 cum
593 1147 612 1188 a
628 1124 751 1189 duobus
766 1124 973 1208 scriptoribus
990 1125 1157 1202 referatur,
1176 1124 1330 1208 Dionysio

161 1227 296 1314 (V169)
321 1233 354 1293 et
377 1229 473 1294 Festo
496 1231 518 1294 l.
542 1227 614 1314 c.¹).

250 1335 338 1399 Num
352 1337 414 1401 hec
429 1338 633 1401 simulacrum
653 1338 868 1402 »Palladium«
887 1360 953 1402 esse
969 1337 1080 1402 Nautii
1097 1336 1330 1400 affirmaverint

161 1445 318 1507 incertum
347 1447 406 1507 est,
453 1444 556 1507 Varro
590 1451 675 1509 certe
709 1468 782 1510 cum
816 1445 849 1508 in
885 1445 975 1508 libris'
1013 1465 1095 1527 quos
1129 1445 1167 1508 de
1200 1443 1329 1507 familiis

161 1549 308 1633 Trojanis
334 1551 559 1623 conscribebat·
582 1550 774 1616 Nautiorum
801 1551 993 1616 traditiones
1020 1572 1268 1619 commemorare
1296 1554 1330 1613 et

161 1679 232 1720 cum
268 1657 313 1720 eis
346 1677 431 1739 quae
458 1659 491 1721 iu
516 1658 775 1741 Antiquitatibus
799 1659 840 1723 de
867 1658 977 1723 Aenea
1011 1656 1189 1742 protulerat
1223 1657 1329 1721 eonci-

161 1763 239 1828 liare
278 1764 421 1841 deberet,
467 1787 533 1827 res.
560 1765 605 1827 ita
643 1764 856 1831 conformavit
898 1770 935 1828 ut
977 1768 1175 1831 commutata
1223 1762 1330 1826 fabula

161 1893 226 1955 qua
263 1868 430 1935 Diomedes
464 1869 643 1935 Palladium
673 1873 800 1936 Aeneae
834 1871 1004 1935 tradidisse
1039 1871 1282 1954 perhibebatur,
1310 1894 1329 1933 a

160 1976 267 2042 Nauta
289 1979 417 2059 signnm
437 1976 572 2041 Romam
596 1979 763 2042 advectum
778 2000 848 2043 esse
871 1984 1024 2042 narraret.
1073 1977 1119 2042 Vt
1139 1976 1199 2041 hoe
1221 1982 1329 2040 autem

159 2089 396 2168 assequeretur,
443 2086 661 2149 narrationem
698 2086 848 2149 adhibuit
896 2107 961 2168 qua
1003 2086 1073 2150 noti
1113 2084 1329 2148 Romanorum

160 2193 267 2268 moris,
292 2192 363 2255 dico
386 2192 538 2275 adoperto
561 2192 665 2275 capite
688 2213 756 2255 esse
778 2193 1003 2269 sacrificantes,
1028 2192 1119 2275 origo
1135 2190 1176 2254 ad
1189 2190 1330 2254 Aeneam

160 2298 375 2375 referebatur,
411 2298 466 2381 qui
500 2299 532 2362 id
567 2319 607 2361 ne
642 2298 741 2363 hostis
776 2300 945 2383 eujusdam
980 2302 1110 2382 aspectu
1145 2300 1329 2364 turbaretur

159 2400 327 2489 fecissen).

248 2600 328 2664 Cum
366 2604 473 2664 tamen
513 2613 543 2663 et
581 2601 659 2664 baec
694 2600 846 2664 Varronis
884 2603 1040 2689 figmenta
1082 2607 1115 2667 et
1152 2601 1329 2667 Palladium

158 2706 353 2771 Nautiorum
369 2728 443 2770 mox
460 2708 560 2771 oblita
576 2729 642 2771 esse
659 2709 836 2784 videantur,
862 2713 997 2792 apparet
1011 2708 1195 2773 Palladium
1210 2705 1329 2771 Vestae

159 2814 276 2877 famam
300 2818 507 2878 consecutum
530 2832 598 2878 esse
621 2816 697 2878 satis
721 2835 882 2898 magnam.

209 2988 212 2993 4
247 2920 296 2985 Ex
334 2942 370 2983 eo
417 2923 513 3005 quod,
560 2942 632 2986 cum
670 2946 700 2983 a.
733 2920 793 2983 191
825 2920 969 2985 Vestales
1012 2941 1100 2983 saera
1145 2944 1161 2984 e
1205 2920 1328 3003 templo

157 3027 286 3091 ardenti
307 3027 477 3110 eriperent,
503 3029 596 3090 multi
619 3027 795 3091 Palladium
816 3027 965 3092 viderunt
980 3024 1170 3109 (Herodian,
1186 3026 1201 3089 I
1218 3026 1325 3109 114),

160 3134 373 3215 colligendum
407 3139 456 3197 est
490 3134 538 3197 his
572 3134 769 3217 temporibus
803 3156 838 3197 re
867 3156 941 3197 vera
975 3133 1103 3215 aliquod
1138 3134 1264 3215 signum
1294 3135 1327 3196 in

160 3239 242 3305 fano
262 3240 379 3304 Vestae
402 3241 571 3305 exstitisse.
1271 3294 1273 3299 ,

248 3345 477 3430 Heliogabalus
501 3345 678 3411 Palladium
702 3347 734 3410 in
758 3347 919 3429 penetrale
943 3347 994 3410 dei
1010 3345 1093 3410 Solis
1116 3348 1326 3431 transportari

154 3454 251 3537 jussit
277 3459 316 3516 ut
343 3454 480 3518 duorum
503 3453 634 3516 deorum
657 3454 790 3535 nuptiae
813 3453 1060 3518 celebrarentur.
1108 3453 1217 3517 Novus
1249 3455 1327 3519 deus

158 3564 306 3647 tamena
328 3561 421 3644 siguo
444 3559 596 3623 armifero
629 3580 741 3641 aspere
777 3558 922 3643 repulsus
949 3582 1016 3624 esse
1045 3560 1162 3624 dicitur
1192 3561 1326 3636 (Herod,

157 3661 334 3751 VQQN

156 3810 369 3819 m———--

230 3880 251 3945 ¹)
269 3876 417 3930 Palladium
446 3876 543 3930 Vestae
571 3881 598 3930 et
625 3875 780 3931 Nautiorum
809 3876 913 3946 signum
942 3877 1022 3947 plane
1051 3877 1157 3932 diversa
1184 3893 1244 3932 esse
1269 3877 1327 3947 jam

156 3963 338 4020 Mommsenus
357 3966 390 4019 de
410 3965 505 4036 colleg.
525 3969 552 4023 et
572 3965 691 4033 sodalic,
711 3965 763 4020 Kil.
783 3964 861 4031 1843,
882 3967 916 4020 10
934 3965 1058 4020 ostendit

227 4056 249 4121 ²)
269 4053 346 4124 Verg.
365 4054 431 4108 Aen.
450 4054 559 4109 111396
578 4070 648 4125 sqq,
666 4054 727 4109 545.
756 4053 868 4125 Dionys.
886 4053 935 4108 Xll
955 4054 997 4110 16.
1022 4053 1091 4109 Plut.
1111 4054 1219 4122 Quaest.
1234 4054 1279 4110 Gr.
1293 4053 1325 4107 X.

195 4180 198 4184 Δ
227 4143 249 4210 ¹)
268 4141 309 4196 De
326 4140 449 4198 Palladio
468 4143 495 4196 iu
514 4143 637 4197 Palatino
657 4142 790 4197 collocato
808 4158 868 4197 eum
886 4142 945 4212 ejus
964 4142 1038 4213 origo
1057 4159 1193 4216 uunquam
1211 4161 1229 4198 a
1244 4142 1327 4214 Troja

156 4231 273 4301 repetita
291 4230 379 4299 fuerit,
397 4231 464 4286 nihil
482 4231 576 4286 dicam.
613 4230 671 4287 Vid.
691 4231 820 4286 Wissowa
837 4230 855 4285 l.
874 4247 895 4285 e.
915 4231 957 4285 44.
