3334 5042
813 397 1032 534 -14'T

342 645 484 711 imherhe
508 646 643 722 munito,
668 665 757 710 come
781 645 896 728 quello,
921 641 1045 721 d'elmm
1071 666 1121 708 ma
1143 625 1235 728 privo
1259 643 1293 706 di
1313 662 1434 708 nores«
1461 677 1503 690 —

344 750 423 816 Cum
458 752 541 817 duae
575 750 697 836 priores
730 752 851 836 figurae
884 752 1015 816 nomina
1048 750 1186 834 ascripta
1221 749 1369 826 habeant,
1405 748 1504 814 tertia

343 858 550 942 inscriptione
574 862 671 922 caret,
717 856 804 923 Num
832 878 867 921 re
894 876 970 921 veru
993 855 1102 921 Vlixes
1132 857 1176 920 eit
1203 856 1252 921 uir
1274 855 1327 921 ille
1355 854 1505 921 imberbis

346 964 731 1053 ddbium‘mihividetnr.
760 962 967 1028 Totascaens
981 964 1075 1046 plane
1091 963 1262 1048 singularis
1285 967 1332 1027 est
1354 983 1412 1027 nee
1435 983 1503 1028 eam

344 1068 520 1136 dilucidare
534 1090 673 1155 possum.
700 1068 969 1151 Agamemnonem
979 1071 1044 1153 jam
1057 1069 1090 1133 in
1107 1067 1256 1133 Hieronis
1271 1076 1384 1154 patera
1400 1069 1504 1152 depic-

344 1182 415 1241 tum
438 1177 586 1256 vidimus,
609 1178 642 1240 in
660 1198 728 1261 -qun
750 1180 859 1240 tamen
882 1175 944 1240 dno
979 1175 1121 1240 Palladia
1149 1175 1371 1250 cernebantur,
1399 1176 1447 1238 ita
1470 1178 1507 1238 nt

345 1304 414 1348 eam
440 1284 480 1347 ad
503 1283 599 1368 hujus
622 1284 741 1369 speculi
763 1283 1061 1367 interpretationem
1084 1280 1235 1346 adhibere
1257 1303 1321 1345 non
1346 1282 1450 1346 liceat.

420 1498 482 1561 *Ex
504 1518 583 1562 saec.
600 1496 635 1561 11
657 1498 759 1581 igitur
780 1500 1024 1583 pauuatnntnm
1047 1499 1174 1559 exstant
1196 1501 1402 1560 monumenta
1425 1514 1507 1576 quae

309 1597 314 1605 ’
345 1605 383 1667 ad
409 1603 586 1669 Palladium
609 1606 781 1688 pertinent.
821 1603 908 1680 Quae
927 1602 1042 1666 deinde
1058 1600 1151 1666 nobis
1164 1606 1345 1685 temporum
1360 1599 1506 1665 ordinem

346 1711 552 1791 sequentibus
575 1715 749 1775 occurrunt
772 1708 955 1775 ROMANA
978 1713 1065 1773 sunt.

435 1816 553 1899 Magna
577 1819 662 1881 enim
685 1821 789 1882 exstet
812 1816 901 1900 eopia

829 2009 1024 2076 Geminorum

345 2154 463 2219 Romae
498 2153 694 2238 sculptarum
721 2175 801 2238 quae
824 2152 960 2218 Palladii
988 2158 1113 2239 raptum
1143 2136 1315 2229 exhibent3
1350 2144 1508 2234 antiquis·

346 2261 448 2326 simae
474 2260 589 2325 saeculi
617 2259 711 2344 primi
739 2281 768 2324 a.
794 2259 868 2325 Chr.
892 2283 923 2326 n.
953 2281 1021 2325 esse
1052 2258 1199 2325 videntur
1208 2255 1243 2342 ¹).
1294 2258 1373 2324 Cum
1401 2264 1508 2323 autem

346 2367 413 2431 fere
443 2365 690 2443 innumerabiles
718 2373 815 2451 atque
844 2372 901 2432 aut
929 2367 1056 2431 omnino
1083 2388 1147 2432 non
1174 2371 1232 2431 eut
1259 2387 1353 2451 prave
1381 2369 1509 2430 tantum

348 2474 454 2545 editae
481 2474 556 2551 sint,
596 2475 643 2538 ila
670 2478 708 2538 ut
745 2476 993 2559 uniuscujusque
1034 2477 1124 2540 aetas
1157 2474 1280 2538 definiri
1314 2495 1378 2537 non
1411 2473 1510 2557 possit
1614 2473 1641 2568 s

348 2582 429 2646 satis
453 2580 702 2666 habebo'p'auca
724 2581 777 2646 hic
798 2583 831 2645 in
856 2581 1036 2645 universnm
1060 2581 1099 2644 de
1122 2580 1168 2644 eis
1192 2579 1297 2644 dicere
1314 2582 1346 2642 et
1362 2576 1510 2671 exempla
1606 2570 1618 2585 ”
1652 2568 1653 2599 ³

350 2689 472 2752 afferre.
519 2686 602 2753 Sane
624 2708 689 2753 non
712 2688 849 2753 multum
866 2688 1018 2773 praebent
1034 2684 1075 2750 ad
1088 2687 1190 2751 varias
1206 2685 1333 2751 fabulae
1350 2686 1509 2750 versiones

349 2789 604 2871 restituendasb.

438 2899 479 2964 Et
508 2902 647 2985 primum
679 2902 805 2985 quidem
835 2901 886 2965 his
914 2901 1046 2987 gemmis
1070 2901 1304 2965 demonstratur
1327 2897 1462 2963 Palladii
1492 2921 1510 2960 a

349 3007 502 3072 Diomede
515 3009 601 3092 rapti
616 3007 757 3072 fabulam
771 3000 890 3073 Rornae
905 3008 970 3072 illis
981 3007 1180 3093 temporibus
1192 3006 1388 3071 notissimam
1403 3006 1508 3069 fuisse.

350 3113 424 3178 Non
447 3119 572 3179 constat
595 3119 703 3179 tamen
734 3135 815 3196 quae
850 3135 946 3179 causa
980 3113 1076 3179 fuerit
1111 3136 1166 3179 cnr
1200 3117 1266 3176 tum
1295 3134 1388 3197 saepe
1414 3112 1510 3196 hujus

351 3222 477 3307 generis
500 3225 707 3286 monumenta
730 3221 853 3285 scaenis
876 3241 915 3285 ex
938 3223 993 3287 illa
1015 3219 1126 3285 fabula
1148 3220 1283 3303 sumptis
1307 3225 1419 3285 ornata
1434 3220 1510 3295 sint,

350 3351 421 3392 cnm
457 3329 490 3391 in
525 3328 636 3410 paucis
669 3332 794 3391 tantum
821 3327 893 3391 aliis
921 3328 998 3392 artis
1027 3328 1162 3392 Romani
1196 3328 1346 3410 operibns
1378 3324 1510 3388 Palladii

350 3441 460 3520 raptus
484 3434 682 3498 exhibeatur.
729 3433 929 3499 Levezowius
945 3433 1074 3519 quidem
1092 3433 1170 3498 mihi
1192 3455 1258 3497 non
1281 3430 1435 3517 persuasit
1458 3431 1511 3514 qni

355 3542 415 3605 hoc
449 3540 681 3624 superstitionis
715 3560 812 3605 cansa
846 3540 967 3606 fuctum
1001 3562 1068 3605 esse
1102 3540 1278 3606 contendit.
1324 3536 1513 3620 Saepissime

423 3753 442 3818 ¹)
460 3749 655 3821 Furtwhngler,
683 3748 774 3806 Jahrb
794 3751 859 3806 dl.
884 3751 1005 3806 111221:
1033 3749 1177 3805 Diomedes
1202 3747 1253 3802 mit
1280 3747 1341 3802 dem
1367 3748 1513 3819 geraehten

350 3839 499 3895 Palladium
525 3841 561 3895 ist
588 3839 629 3894 ein
657 3838 958 3911 Lieblingsgegenstand
987 3837 1036 3893 anf
1060 3839 1111 3893 den
1138 3837 1281 3905 Gemmen‚
1304 3836 1404 3892 welche
1429 3837 1512 3891 ibrum

351 3929 417 3985 Stile
436 3930 507 3984 nach
525 3929 577 3983 den
595 3927 693 3982 letzten
707 3928 921 3984 Jahrhunderten
939 3947 964 3982 v.
977 3927 1039 3982 Ghr.
1058 3926 1265 3982 zuznschreihen
1279 3926 1347 3983 sind.
1366 3957 1400 3966 -
1419 3924 1512 3981 Jahrb.

351 4018 385 4075 lV
404 4020 453 4075 90:
475 4018 540 4085 „Die
559 4016 658 4071 tlteren
677 4016 970 4084 Diomedes-Gemmen,
987 4016 1032 4070 die
1050 4016 1137 4070 sicher
1154 4015 1373 4087 voraugnsteiseh
1392 4015 1476 4070 sind.“

421 4111 443 4174 2)
462 4107 596 4175 Lemnon,
614 4106 693 4161 Rauh
712 4105 737 4160 d.
756 4106 785 4161 P.
804 4106 853 4160 auf
868 4106 956 4176 gesch.
972 4104 1088 4159 Steinen.
1111 4104 1282 4160 Brannschw.
1302 4106 1378 4159 1801.
1414 4103 1513 4171 hlillin.‚

352 4195 490 4250 Mernoires
509 4195 542 4248 de
561 4194 655 4250 l’aead.
675 4195 708 4250 de
727 4193 808 4249 'lurin
827 4196 905 4249 1812.
948 4194 984 4256 0.,
998 4193 1077 4261 Jahn,
1096 4193 1114 4248 l.
1133 4210 1155 4249 e.
1193 4194 1345 4261 Ouerbeck,
1372 4194 1433 4248 Her.
1454 4192 1512 4247 Gal.

351 4284 500 4340 sereser.
538 4282 728 4354 unowangnr,
748 4283 842 4339 Janrn.
863 4283 901 4336 111
920 4286 947 4337 et
964 4282 1006 4336 iv.
1082 4266 1086 4277 '
