3334 5042
300 1142 447 1208 Fabulae
472 1165 555 1229 quae
581 1141 623 1206 de
639 1142 769 1228 Pegaso
792 1138 954 1225 feruntur,
983 1166 1002 1207 a
1025 1140 1155 1208 duobus
1178 1143 1258 1207 viris
1281 1139 1385 1207 doetis

215 1249 388 1334 diligenter
412 1250 544 1336 quidem
568 1258 726 1314 tractatae
750 1260 840 1314 sunt:
864 1250 1018 1331 Lenaiol)
1044 1259 1076 1314 et
1091 1250 1309 1333 Krahnero2)3
1327 1250 1387 1314 sed

215 1380 327 1422 eorum
365 1358 613 1422 dissertationes
657 1378 865 1443 quamquam.
891 1359 980 1422 omni
1013 1355 1111 1421 laude
1147 1358 1265 1443 dignae
1302 1367 1386 1435 sunt,

212 1474 320 1528 tamen
346 1463 386 1529 ob
413 1487 485 1529 eam
509 1466 653 1528 maxime
683 1487 816 1528 causam
847 1462 1091 1542 obsoleverunt,
1122 1464 1211 1550 quod
1238 1473 1386 1551 tempore

211 1572 441 1657 progrediente
466 1573 602 1636 materia
638 1566 820 1656 argumenti
855 1570 991 1635 multum
1021 1582 1117 1636 aueta
1146 1581 1204 1636 est.
1252 1573 1387 1636 Praeter

213 1679 274 1743 hos
299 1678 446 1743 nonnulli
469 1681 532 1743 viri
557 1678 643 1742 doeti
668 1680 843 1743 oeeasione
868 1678 943 1743 data
967 1679 1008 1743 de
1032 1679 1095 1743 hae
1119 1678 1173 1742 vel
1195 1677 1251 1743 illa
1273 1677 1386 1744 fabula

217 1786 319 1851 verba
342 1787 501 1868 fecerunt,
527 1786 588 1850 sed
613 1795 747 1872 propter
771 1786 856 1850 hane
880 1788 987 1872 ipsam
1010 1809 1090 1869 rem,
1117 1787 1205 1873 quod
1228 1809 1293 1851 non
1317 1789 1388 1852 uni-

215 1917 331 1959 versas
355 1876 584 1980 respenerunt,
602 1894 690 1958 haud
715 1916 788 1958 raro
812 1896 847 1958 in
872 1916 999 1958 errores
1024 1895 1149 1959 inducti
1173 1903 1258 1958 sunt.
1295 1894 1388 1974 Quae

214 2024 289 2065 eum
310 2004 356 2066 ita
372 2011 493 2084 essent,
519 2002 706 2066 continuam
731 1999 912 2065 fabularum
937 2003 1128 2065 memoriam
1152 2001 1298 2066 recolere
1322 2024 1388 2066 non

214 2109 326 2174 inutile
350 2109 534 2175 videbatur.

301 2218 397 2280 Hanc
422 2226 531 2281 autem
568 2216 754 2280 disserendi
782 2218 870 2280 viam
898 2216 1065 2299 inibimus,
1102 2226 1137 2281 ut
1171 2218 1311 2302 primum
1347 2217 1388 2281 de

214 2321 335 2388 fabulis
372 2346 456 2410 quae
481 2346 555 2388 eum
580 2324 699 2409 Pegasi
728 2333 799 2388 ortu
829 2323 1013 2406 cohaerent,
1047 2323 1165 2388 deinde
1195 2324 1235 2388 de
1259 2325 1388 2408 Pegaso

215 2454 289 2495 eum
328 2430 582 2518 Bellerophonte
623 2433 807 2512 coniuncto,
848 2440 916 2495 tum
957 2430 998 2495 de
1028 2432 1148 2516 Pegasi
1185 2429 1390 2517 fontiumque

218 2561 345 2603 conexu
376 2538 534 2603 dieamus,
581 2536 792 2602 Perlustratis
821 2548 930 2602 autem
956 2538 1094 2622 singulis
1118 2537 1239 2603 fabulis
1263 2539 1304 2603 de
1330 2538 1391 2603 alis

215 2646 343 2731 Pegaso
361 2645 535 2727 attributis,
561 2645 757 2709 denomino
782 2647 864 2729 eius,
889 2645 931 2710 de
955 2645 1086 2710 fabulae
1116 2645 1390 2732 explicationibus

216 2754 318 2818 verba
342 2754 514 2817 faciemus
726 2742 729 2755 '

782 2948 813 3013 A

232 3076 293 3171 Ile
327 3073 494 3212 tabulis
529 3098 641 3194 quae
675 3075 732 3171 ad
764 3001 926 3194 Peoasi
961 3082 1102 3173 ortam
1135 3079 1368 3196 pertinent.

552 3253 582 3320 1.
608 3253 659 3320 Do
682 3253 813 3335 Pegasi
835 3255 1058 3338 parentibus.

308 3381 337 3444 1.
362 3376 527 3464 Pegasum
555 3379 699 3463 Neptuni
735 3389 768 3442 et
795 3378 955 3444 Medusae
990 3380 1091 3444 filium
1129 3404 1203 3446 esse
1240 3382 1391 3447 omnibus

219 3511 283 3553 uno
320 3497 460 3573 excepto
489 3486 571 3550 loeis
591 3485 754 3550 «traditum
783 3495 843 3550 est.
890 3488 965 3553 Uno
994 3497 1103 3553 autem
1132 3490 1204 3553 loeo
1236 3513 1299 3576 quo
1330 3489 1392 3554 alia

219 3597 338 3681 Pegasi
354 3593 548 3680 genealogia
564 3594 737 3675 invenitur,
761 3593 926 3678 Pegasis
950 3597 1113 3680 quaedam
1130 3619 1206 3662 eum
1222 3599 1392 3684 peperisse

219 3704 346 3768 dieitur.
394 3701 459 3781 Qui
484 3709 592 3765 exstat
615 3700 701 3786 apud
726 3701 907 3766 Verrium
930 3702 1129 3771 Plaeeum:
1153 3706 1291 3788 halapiae,
1320 3707 1342 3769 i.
1367 3690 1398 3769 e.

220 3818 359 3893 equester
381 3809 551 3892 Neptunus
574 3808 677 3873 dietus
703 3815 757 3890 est,
793 3810 840 3874 uel
864 3862 870 3874 .
896 3863 902 3876 .
929 3861 935 3873 .
963 3863 969 3876 .
1005 3813 1052 3876 uel
1081 3814 1163 3893 quod
1188 3813 1331 3896 Pegasus
1357 3832 1394 3877 eu

223 3941 256 3984 eo
280 3925 310 3982 et
334 3917 491 4002 Papustde
513 3922 611 3981 uatus
633 3918 677 3980 ait
701 3963 709 3979 .
736 3967 742 3979 .
769 3963 777 3980 .
803 3965 810 3978 .
835 3916 970 3999 (Paulus
994 3920 1083 3984 Fest.
1110 3944 1136 3984 s.
1161 3944 1191 3985 v.
1215 3920 1347 4005 hippius
1363 3942 1394 4004 p.

224 4027 299 4107 101,
329 4026 366 4089 11
391 4021 553 4107 Mueller).
602 4022 699 4102 Quod
723 4046 740 4087 e
765 4023 895 4089 Graeco
920 4026 1009 4091 fonte
1033 4030 1205 4113 repetitum
1231 4049 1305 4091 esse
1329 4048 1395 4090 vox

221 4137 294 4221 ipsa
317 4135 446 4215 hippius
470 4133 681 4196 demonstrat.
730 4130 812 4196 Cum
837 4144 947 4197 autem
970 4134 1125 4219 Pegasidi
1149 4136 1223 4200 voci
1250 4135 1338 4198 notio
1364 4143 1396 4198 et

313 4314 333 4399 ¹)
354 4298 430 4365 llber
450 4310 495 4362 die
514 4308 601 4362 Fabel
622 4308 670 4362 des
690 4308 823 4377 Pegasus,
842 4310 937 4364 Neuer
962 4311 1107 4364 teutscher
1126 4309 1241 4363 Merkur
1260 4310 1353 4376 (1796)
1366 4310 1396 4363 Il

242 4445 248 4457 .
286 4400 309 4453 6·
375 4443 380 4454 .
1130 4428 1131 4431 ¹

221 4421 239 4471 p
268 4401 441 4559 2l)sllrsoh
464 4489 522 4541 und
541 4489 657 4557 Gruber,
679 4488 854 4557 Allgemeine
882 4489 1032 4558 Eneyclop.
1063 4490 1112 4542 dar
1140 4487 1311 4543 Wissenseh.
1339 4490 1397 4542 und

223 4582 331 4634 Ktinste
350 4598 370 4634 s.
392 4599 416 4633 v.
437 4580 562 4648 Pegasus
580 4596 607 4646 p.
627 4578 680 4630 455
700 4597 739 4648 sq.
760 4580 863 4649 (1840).

277 4688 455 4750 Hanntg‚,Da
469 4688 570 4742 Pegaso.
1223 4669 1236 4720 l
