3334 5042
788 274 831 340 35

222 466 299 538 bula
317 482 408 557 'quae
429 472 497 558 'ipsi
521 474 551 536 ei
580 477 663 556 quae
698 472 793 538 nobis
817 475 987 560 proposita
1018 478 1083 557 est,
1114 472 1228 539 similis
1252 477 1303 558 sit,
1331 474 1398 540 illic

222 602 287 644 non
312 579 485 646 invenitur.
523 580 645 645 Contra
669 580 784 645 Indiae
802 590 834 644 et
851 581 1050 646 Germaniae
1066 581 1196 646 fabulas
1212 583 1398 668 persimiles

223 695 354 750 exstare
377 688 520 776 vidimus
546 689 602 772 (cf.
620 713 652 775 p.
670 689 712 774 5).
749 689 845 753 Unde
871 691 1022 753 conicere
1046 689 1124 754 licet
1140 689 1287 755 Graecos
1312 691 1398 754 eius·

223 794 311 858 modi
335 795 464 859 fabulas
489 818 506 859 e
530 797 676 882 pristinis
702 796 875 863 domiciliis
892 799 924 860 in
943 797 1117 863 Graeciam
1134 797 1292 863 attulisse.
1326 796 1398 864 Illic

223 911 330 967 autem
354 903 477 988 Pegasi·
496 902 608 968 fabula
632 903 940 990 septentrionalibus
964 904 1185 990 Peloponnesi
1208 905 1398 991 regionibus

224 1010 393 1075 familiaris
417 1012 486 1076 fuit.
536 1012 609 1092 Quo
633 1015 841 1098 potissimum
875 1010 948 1077 loco
974 1022 1006 1076 et
1023 1013 1142 1078 'Persei
1178 1023 1210 1077 et
1233 1012 1397 1098 Gorgonis

223 1129 255 1184 et
278 1120 358 1184 alias
383 1119 423 1183 de
447 1122 576 1204 Pegaso
601 1119 728 1184 fabulas
758 1120 967 1184 collocandas
998 1143 1071 1185 esse
1102 1130 1239 1186 constat.
1267 1122 1397 1206 Argivis

222 1236 330 1291 autem
355 1251 374 1291 a
398 1227 523 1292 colonis
554 1225 666 1291 fabula
688 1237 805 1313 postea
832 1230 865 1291 in
883 1228 996 1292 Asiam
1020 1226 1178 1291 translata
1202 1236 1260 1292 est.
1276 1227 1298 1310 1)
1338 1228 1397 1293 At-

223 1356 287 1420 que
310 1334 376 1398 illic
401 1334 569 1421 Chrysaor
589 1336 740 1400 adiectus
765 1344 823 1399 est.
1393 1362 1397 1369 ·

504 1567 571 1633 ΙΙΙ.
597 1568 648 1635 Ile
673 1569 805 1636 Perseo
829 1567 968 1650 'Pegaso
991 1568 1105 1636 vecto.

314 1710 420 1797 Supra
444 1721 612 1798 ectypon
628 1712 789 1776 Melium
806 1711 984 1795 attulimus,
1008 1714 1040 1776 in
1059 1734 1122 1798 quo
1139 1712 1281 1776 Perseus
1299 1734 1397 1791 manu

224 1821 356 1882 sinistra
384 1819 518 1901 falcem,
560 1819 675 1883 dextra
704 1830 803 1906 caput
827 1819 1040 1905 Gorgoneum
1069 1829 1184 1883 tenens
1215 1841 1299 1905 equo
1335 1818 1396 1882 alis

224 1937 355 1990 carente
380 1927 518 2009 vehitur,
555 1926 615 1990 sub
646 1949 710 2012 quo
735 1928 874 1992 Medusa
911 1929 1017 2014 capite
1051 1929 1179 2014 privata
1213 1925 1396 2012 procubuit,

224 2036 317 2098 cuius
350 2057 367 2097 e
398 2033 482 2098 collo
512 2033 680 2121 Chrysaor
714 2035 810 2100 modo
848 2038 924 2100 exit.
982 2034 1115 2121 Equum
1150 2043 1259 2098 autem
1294 2032 1396 2116 illum,

224 2164 419 2227 quamquam
445 2143 554 2226 pinnis
579 2153 677 2225 caret,
706 2152 816 2207 tamen
843 2144 1008 2227 Pegasum
1036 2141 1293 2226 intellegendum
1322 2163 1397 2204 esse

223 2248 343 2312 ibidem
369 2248 654 2334 comprobavimus
679 2248 927 2335 (cf.p.19sq.).
961 2251 1103 2313 Perseus
1127 2250 1224 2335 igitur
1248 2238 1398 2313 celeriter·

223 2356 359 2420 alterum
383 2357 542 2421 Medusae
566 2357 668 2421 filium
693 2359 823 2443 cepisse
847 2358 986 2439 videtur,
1012 2380 1076 2443 quo
1100 2355 1229 2421 facilius
1253 2355 1397 2441 effugere

222 2475 344 2549 posset.
383 2465 540 2528 Perseum
565 2474 674 2529 autem
698 2486 783 2551 equo
806 2476 939 2529 vectum
955 2463 1120 2529 Wieseler
1143 2466 1237 2527 etiam
1262 2464 1398 2527 Parisiis

222 2572 255 2634 in
272 2570 369 2634 situla
385 2572 514 2636 Munatii
531 2595 567 2636 se
587 2573 713 2637 vidisse
730 2572 816 2636 dicit.
825 2572 849 2654 2)
889 2571 955 2638 Sed
980 2581 1087 2636 utrum
1111 2580 1200 2636 recte
1222 2594 1340 2653 necne,
1363 2573 1398 2653 in

222 2679 330 2743 medio
354 2678 512 2764 relinquo.
559 2681 640 2744 Nam
666 2682 763 2744 etiarn
788 2679 998 2766 StephaniuS,
1032 2682 1144 2766 quiin
1168 2702 1298 2766 gemma
1322 2677 1397 2743 Flo-

223 2789 349 2851 rentina
365 2789 522 2851 Perseum
538 2788 666 2873 Pegaso
684 2768 813 2852 vectum
838 2798 1118 2874 repraesentatum
1145 2809 1219 2852 esse
1244 2789 1395 2874 opinatus

225 2905 303 2983 erat,
327 2905 443 2982 postea
465 2895 500 2959 id
516 2898 587 2982 ipse
611 2899 788 2961 revocavit.
798 2898 824 2979 3)
869 2898 1067 2960 Dumontius
1092 2917 1223 2982 quoque
1241 2895 1397 2959 Perseum

223 3003 359 3089 reperiri
380 3003 453 3090 plus
478 3002 580 3067 semel
604 3001 803 3090 equitantem
828 3004 908 3068 dicit
930 3027 1038 3089 neque
1062 3013 1170 3067 tamen
1199 3002 1287 3067 aliud
1312 3025 1395 3089 opus

223 3112 287 3174 nisi
312 3121 453 3198 ectypon
469 3111 603 3175 Melium
620 3112 745 3196 affert4)
770 3121 910 3198 aequeat
928 3134 990 3198 que
1007 3112 1178 3193 Knatzius,
1204 3112 1260 3197 qui
1284 3132 1396 3175 monu-

223 3229 332 3282 menta
344 3218 505 3282 adPersei
517 3217 660 3282 fabulam
674 3221 869 3305 pertinentia
877 3218 1049 3304 diligenter
1062 3220 1236 3303 congessit.
1246 3218 1396 3283 Headius

225 3333 334 3389 autem
343 3322 368 3410 ⁵)
389 3325 553 3410 Pegasum
569 3325 693 3389 Perseo
717 3329 750 3390 in
766 3325 928 3389 Daldensi
946 3324 1104 3389 Gordiani
1121 3325 1171 3389 Ill
1194 3347 1327 3389 nummo
1351 3334 1396 3389 at·

225 3431 380 3497 tributum
406 3456 481 3497 esse
506 3432 688 3518 coniectat)
723 3433 789 3498 Ubi
813 3442 880 3496 tres
898 3432 1071 3518 Gorgones
1096 3432 1157 3497 sub
1182 3431 1299 3497 arbore
1325 3432 1397 3496 dor·

223 3541 336 3622 miunt,
361 3563 380 3603 a
403 3551 494 3625 parte
519 3540 634 3604 dextra
649 3541 792 3605 Perseus
816 3542 1067 3627 appropinquat,
1093 3563 1112 3604 a
1136 3542 1268 3604 sinistra
1291 3544 1397 3625 equus

225 3655 297 3710 stat.
344 3646 378 3710 Is
406 3656 515 3711 tamen
550 3650 579 3711 si
605 3649 721 3712 Persei
749 3659 848 3730 esset,
883 3649 974 3711 iuxta
1004 3647 1091 3712 hunc
1132 3659 1218 3712 stare
1248 3646 1397 3711 debebat.

224 3744 367 3818 Maxime
403 3764 512 3818 autem
547 3776 586 3818 ea
613 3755 653 3819 de
683 3778 784 3819 causa
809 3757 997 3819 coniectura
1020 3755 1075 3820 illa
1098 3754 1312 3842 improbanda
1336 3763 1397 3836 est,

226 3860 313 3946 quod
349 3862 467 3925 caedes
495 3862 654 3927 Medusae
689 3862 834 3927 nondum
869 3863 968 3945 facta,
1004 3862 1063 3926 sed
1091 3861 1309 3949 perpetranda
1337 3870 1397 3925 est.

314 4039 334 4105 1)
355 4038 385 4092 Ο.
400 4038 522 4108 Mueller,
536 4038 644 4108 Proleg¹
657 4058 684 4108 p.
698 4038 764 4105 313;
777 4039 868 4093 Dorer
880 4039 912 4091 1²
932 4058 959 4109 p.
975 4038 1086 4111 113,¹14;
1105 4038 1248 4109 Tuompel,
1262 4036 1398 4091 Fleckeis.

223 4126 393 4182 Jahrbusch.
413 4127 507 4197 Suppl.
528 4128 592 4181 XVl
609 4147 636 4198 p.
657 4129 717 4182 160.

313 4218 334 4288 2)
354 4216 436 4270 Arch.
456 4217 516 4285 Ztg.
537 4217 616 4271 XVII
636 4218 728 4290 (1859)
746 4237 773 4289 p.
795 4219 871 4272 120⁴.

315 4306 335 4375 8)
354 4305 585 4376 Gompte·Rendn
603 4327 630 4377 p.
651 4309 720 4362 1864
738 4329 765 4380 p.
785 4309 866 4363 3411.
887 4311 915 4373 l;
934 4328 962 4378 p.
984 4307 1051 4361 1881
1071 4327 1099 4379 p.
1119 4309 1161 4362 26.

314 4396 336 4461 4)
355 4396 533 4451 Monuments
552 4416 633 4467 greca
652 4398 745 4469 (1878)
763 4418 790 4469 p.
809 4399 843 4451 21
863 4417 889 4453 n.
910 4399 935 4453 2.

313 4484 335 4556 ⁶)
355 4486 388 4538 Η.
409 4486 442 4539 N.
461 4506 489 4556 p.
509 4487 570 4542 549,
953 4530 955 4535 .

316 4574 337 4642 ⁶)
356 4575 407 4628 Ed.
427 4576 561 4646 Mionnot,
581 4578 676 4647 Suppl.
696 4578 749 4631 Vll
766 4579 825 4632 tab.
845 4577 885 4631 XI
903 4577 927 4634 1.
