3334 5042
773 386 994 454 ..40-

306 591 416 651 narrat
450 588 577 671 signum
611 583 651 649 ab
675 584 818 650 Eumeda
853 585 993 669 quodam
1016 584 1222 649 sacerdotes
1255 582 1375 666 templo
1407 603 1464 643 suo

306 697 434 776 raptum
458 713 536 770 osse,
579 691 634 776 qui
668 697 804 757 mortem
839 712 859 756 a
887 689 1004 776 populo
1028 690 1131 754 nescio
1167 709 1232 773 qua
1266 690 1304 753 de
1338 682 1463 770 causa¹l

303 801 367 867 sibi
400 804 546 883 paratam
574 797 709 882 fugeret,
745 834 790 845 -
823 804 923 882 atque
946 779 993 861 ‘in
1035 793 1114 861 colle
1154 795 1362 860 constitutum
1401 814 1465 857 esse

305 907 457 991 abrupto,
490 905 558 990 >qui
596 908 694 990 antea
733 903 840 990 Κρεῖον
878 901 952 989 ὄρος
987 904 1089 968 dictus
1133 901 1208 966 inde
1247 922 1321 964 vero
1361 896 1467 983 πέτραι

306 1009 493 1079 Πολλοτίδες
513 1012 695 1076 nominatus
711 1011 818 1077 fuerit.
843 1047 886 1057 —-
908 1011 948 1074 In
964 1009 1083 1074 scholio
1107 1011 1148 1074 ad
1159 1009 1180 1074 l.
1204 1007 1379 1072 traduntur
1390 1005 1466 1070 haec

306 1120 504 1202 temporibus
538 1120 676 1185 evenisse
711 1119 825 1202 quibus
852 1118 954 1202 Argos
982 1117 1022 1179 ab
1046 1115 1225 1181 Heraclidis
1252 1114 1464 1179 obsidebatur.

307 1225 424 1304 Eadem
437 1224 502 1288 fere
513 1225 653 1288 narratio
669 1226 823 1308 reperitur
840 1223 871 1288 in
888 1225 942 1289 Pa.
955 1222 1113 1287 Plutarchi
1123 1232 1233 1308 quaeat
1250 1218 1373 1286 (διοιολο
1386 1217 1466 1302 (48),

307 1332 341 1396 in
375 1330 491 1415 quibus
520 1330 697 1395 Palladium
723 1331 874 1415 Argivum
908 1335 1067 1415 postremo
1091 1328 1238 1412 Spartam
1273 1327 1467 1392 translatum

308 1460 374 1503 esse
397 1438 528 1523 legitur.
574 1435 643 1502 Sed
663 1459 744 1522 quae
772 1437 851 1502 fides
880 1436 952 1500 huic
974 1434 1094 1500 insulso
1118 1434 1223 1499 libello
1258 1435 1404 1498 habenda
1426 1433 1468 1496 sit

308 1566 404 1610 nemo
427 1541 597 1628 ignorare.

403 1649 575 1726 Quaeritur
604 1671 690 1714 nuno
723 1671 800 1713 num
829 1672 867 1713 ex
896 1649 945 1713 his
971 1648 1163 1713 testimoniis
1187 1647 1399 1732 colligendum
1427 1647 1470 1711 sit

309 1756 486 1823 Palladium
507 1755 678 1842 Trojanum
701 1757 829 1819 minime
852 1757 886 1819 in
908 1776 980 1820 arce
1001 1756 1189 1837 Argivorum
1212 1777 1277 1818 esse
1299 1759 1467 1830 servatum,

309 1867 408 1947 atquc
435 1863 542 1946 potius
567 1860 674 1946 Κρεῖον
700 1859 774 1946 duo<
800 1862 912 1926 collem
940 1861 1029 1926 illum
1058 1862 1230 1945 abruptum
1260 1884 1324 1926 esse
1353 1862 1407 1946 qui
1435 1862 1468 1925 in

309 1971 445 2034 nummis
479 1991 574 2053 supra
609 1969 801 2033 enumeratis
836 1967 1016 2034 exhibetur.
1072 1967 1150 2032 Tam
1185 1973 1330 2033 sanctum
1362 1975 1469 2032 tamen

308 2077 511 2141 simulacrum
548 2080 636 2139 extra
670 2073 781 2139 urbem
817 2081 1038 2139 conservatum
1067 2096 1133 2139 esse
1167 2074 1246 2139 mihi
1282 2075 1469 2160 persuadere

310 2183 361 2247 vix
399 2204 539 2266 possum3
589 2201 628 2246 ex
670 2180 857 2246 Callimachi
899 2185 1006 2245 autem
1053 2182 1171 2266 hymno
1218 2182 1285 2265 ipso
1339 2186 1471 2265 apparet

310 2290 514 2355 caerimonias
548 2304 630 2372 quae
664 2288 709 2352 ibi
749 2288 981 2352 deseribuntur·
1003 2291 1037 2352 in
1073 2289 1150 2352 urbe
1184 2290 1251 2371 agi;
1292 2325 1331 2337 -
1373 2294 1469 2373 atque

309 2395 484 2460 Pausaniae
520 2394 624 2458 verbis
647 2418 672 2461 s.
697 2395 716 2458 l.
751 2393 929 2459 Palladium
964 2394 997 2458 in
1034 2394 1112 2457 urbe
1147 2395 1270 2459 stetisse
1304 2395 1473 2478 significari

311 2502 445 2566 videtur.
493 2501 606 2585 ltaque
628 2502 817 2567 narrabatur
844 2502 870 2566 si
898 2501 1081 2584 conjectura
1108 2502 1157 2564 uti
1186 2500 1263 2565 licet
1293 2501 1471 2565 Palladium

310 2592 389 2673 urbe
411 2608 452 2672 ab
475 2606 652 2672 Heraclidis
676 2613 768 2691 capta
791 2629 900 2672 rursus
922 2609 956 2672 in
979 2628 1082 2672 arcem
1104 2609 1294 2672 translatum
1318 2605 1427 2690 esse³).

400 2837 461 2903 Sed
504 2838 569 2920 jam
623 2839 662 2902 ad
710 2840 830 2902 cultum
877 2838 969 2902 venio
1015 2841 1069 2922 qui
1116 2839 1210 2923 Argis
1238 2837 1380 2904 Palladio
1414 2839 1472 2901 tri·

313 2945 483 3009 buebatur.
544 2943 650 3028 Atque
677 2943 737 3010 hoo
764 2947 903 3029 primum
932 2946 1229 3010 commemoratione
1266 2946 1397 3029 dignum
1424 2950 1473 3008 est

312 3050 474 3117 Diomedis
496 3056 619 3116 scutum
651 3051 762 3115 diebus
795 3052 887 3115 festis
919 3074 983 3115 una
1010 3075 1081 3115 oum
1110 3073 1201 3116 sacro
1223 3052 1316 3136 signo
1340 3052 1474 3116 circum-

384 3280 404 3347 ¹)
424 3277 512 3333 Schol.
532 3279 567 3332 ad
585 3278 603 3335 l.
640 3278 763 3351 Εὐμήδης
779 3280 866 3350 ἱερεὺς
882 3288 930 3351 τῆς
945 3279 1060 3351 Ἀθηνᾶς
1078 3282 1210 3351 ὑπενοήδη
1222 3282 1270 3332 ὑπὸ
1283 3286 1333 3332 τῶν
1352 3279 1474 3349 Ἀργείων

311 3371 351 3428 ὡς
363 3368 519 3435 βουλόμενος
537 3369 672 3438 προδοῦναι
691 3370 719 3422 τὸ
739 3367 884 3423 Παλλάδιον,
900 3375 953 3429 τοῖς
967 3367 1139 3439 Ἡρακλείδαις.

384 3475 404 3540 ²)
423 3473 537 3527 Textum
556 3490 677 3544 appono:
702 3474 829 3545 Ἐργίαιος,
850 3475 888 3535 εἷς
905 3481 954 3527 τῶν
973 3475 1115 3545 Διομήδους
1129 3476 1268 3545 ἀπογόνων,
1293 3477 1340 3528 ono
1363 3473 1474 3545 Τημενοι)

313 3564 429 3622 πεισθεὶς
445 3563 571 3629 ἐξέκλεψε
590 3565 619 3616 τδ
635 3562 776 3616 Παλλάδιον
795 3565 828 3624 ἐξ
841 3564 957 3635 Ἄργους,
977 3565 1122 3623 συνειδότος
1133 3563 1251 3633 Λεάμγοο
1270 3565 1310 3615 καὶ
1328 3564 1475 3615 συνεκκλέπ-

315 3668 412 3711 τοντος·
435 3653 465 3723 ἦν
488 3650 511 3703 δ’
529 3652 606 3712 οὕτος
627 3652 665 3712 εἷς
687 3659 736 3705 τῶν
758 3650 871 3724 Τημενοῦ
890 3655 1021 3724 curidum·
1046 3653 1152 3722 ὕστερον
1175 3656 1204 3704 δὲ
1224 3657 1262 3723 τῷ
1283 3651 1389 3723 Τημενῷ
1406 3654 1475 3722 raro·

310 3760 390 3805 μενος
406 3741 435 3792 δι’
454 3744 537 3811 ὀργῆς
558 3744 572 3791 ὁ
591 3740 712 3812 Λέοργος
734 3743 772 3801 εἰς
793 3740 968 3805 Λακεδαίμονά
994 3743 1108 3811 μετέστη
1137 3743 1165 3793 τὸ
1194 3739 1334 3793 Παλλάδιον
1361 3741 1475 3806 κομίζων.

306 3828 388 3907 'Quae
405 3828 523 3883 narratio
540 3828 601 3899 plus
620 3830 740 3909 minusve
758 3830 847 3899 raptui
865 3847 882 3884 a
898 3829 1030 3884 Diomede
1047 3832 1202 3899 perpetrato
1220 3830 1377 3899 respondet3
1395 3833 1476 3898 atque

306 3904 415 3972 'videtur
434 3919 519 3995 Argos
538 3920 684 3991 expugnari
712 3937 766 3975 non
789 3918 909 3989 potuisse
941 3918 993 3973 nisi
1010 3917 1137 3973 Palladio
1154 3920 1216 3972 ante
1239 3918 1338 3973 ablato.
1379 3917 1476 3973 Nescio

312 4023 347 4060 an
365 4022 398 4061 ex
416 4006 510 4077 primis
529 4007 618 4063 verbis
637 4007 815 4078 colligendum
844 4008 879 4063 sit
896 4007 1010 4062 Palladii
1029 4006 1179 4061 sacerdotio
1197 4005 1334 4061 Diomedis
1352 4009 1476 4077 posteros

312 4093 417 4151 functos
436 4111 504 4150 esse.
1215 4100 1219 4112 “
1310 4102 1312 4107 ’

383 4203 404 4270 ⁸)
425 4201 536 4259 Videtur
555 4201 610 4293 hue
627 4192 760 4272 pertinere
778 4203 858 4257 etiam
876 4202 920 4258 Ps.
939 4202 1074 4258 Plutarchi
1092 4202 1126 4256 de
1144 4201 1230 4255 fluviis
1249 4201 1335 4268 18‚12.
