3334 5042
250 485 460 563 Nicosthcnis
484 495 590 550 aetate
613 484 686 550 illas
711 487 856 572 picturas
880 486 985 550 factas
1016 509 1090 551 esse
1120 489 1310 573 opinatur¹)1.
1359 487 1425 554 Sed

251 596 284 658 in
316 616 425 657 errore
462 596 588 658 versari
622 594 760 659 videtur.
808 594 994 680 Utrumque
1030 596 1116 659 enim
1152 617 1234 680 opus
1270 598 1424 659 maiorem

251 703 475 787 antiquitatem
499 700 637 783 redolet,
661 711 697 765 ut
719 702 790 765 iure
816 701 863 765 VI
887 701 1020 766 saeculo
1043 702 1247 785 tribuatu1·²).

341 828 409 892 Iam
438 850 516 892 vero
546 827 633 913 quod
662 827 802 892 Medusa
834 829 979 915 speciem
1012 830 1148 892 monstri
1181 828 1284 891 fermo
1318 830 1423 914 capite

250 937 404 1000 instructi
431 934 582 1020 praebet,
613 935 764 1000 diversae
799 938 945 1000 virorum
982 933 1150 998 doctorum
1189 934 1423 1020 explicationes

250 1042 395 1130 prolatae
431 1049 519 1107 sunt.
579 1041 687 1122 Quam
722 1046 957 1129 proprietatem
998 1065 1079 1106 casu
1118 1041 1280 1106 accidisse
1316 1064 1423 1128 neque

250 1150 347 1215 ullius
381 1152 538 1215 momenti
574 1150 680 1234 esaei)
715 1150 803 1216 haud
840 1172 966 1232 vercor,
1002 1171 1044 1213 nc
1080 1149 1206 1215 credas.
1266 1149 1424 1214 Welcker

250 1269 358 1323 autem
382 1258 499 1322 artifici
521 1260 554 1322 in
580 1259 688 1322 animo
716 1256 819 1322 fuisse
843 1259 962 1342 Pegasi
992 1267 1096 1321 ortum
1126 1266 1238 1342 tegere
1268 1268 1299 1321 et
1327 1256 1422 1321 dissi-

250 1366 373 1431 mulare
402 1369 534 1453 putata.
581 1365 744 1430 Wieseler
774 1365 815 1429 de
844 1365 1003 1429 Medusae
1032 1367 1065 1427 in
1095 1364 1257 1449 Pegasum
1288 1386 1422 1428 convcr-

251 1476 343 1538 sione
368 1474 531 1558 cogitat5).
580 1474 651 1537 Hae
676 1482 784 1536 tamen
809 1474 979 1559 opiniones
997 1474 1068 1536 siue
1086 1471 1184 1536 dubio
1202 1474 1297 1536 etiam
1315 1468 1422 1536 minus

249 1579 380 1667 probari
419 1591 566 1667 possunt.
628 1581 769 1644 Knatzio
809 1578 985 1664 singularis
1024 1578 1079 1642 illa
1118 1578 1276 1643 Medusae
1315 1579 1422 1643 forma

250 1688 292 1751 ad
317 1686 484 1773 exemplar
508 1687 643 1751 deorum
669 1686 876 1751 orientalium
892 1687 1053 1772 capitibus
1070 1687 1185 1751 ferinis
1201 1687 1422 1772 praeditorum

250 1794 326 1858 ficta
351 1817 426 1858 esse
450 1792 625 1878 videturss).
672 1794 765 1859 Talia
790 1793 965 1859 simulacra
981 1805 1016 1859 ut
1032 1794 1233 1881 aliquantum
1249 1796 1421 1876 valuerint,

250 1912 357 1966 tamen
387 1902 620 1986 gravissimum
655 1901 734 1966 illud
770 1925 835 1966 non
866 1902 1058 1988 explicatur,
1096 1925 1154 1966 cur
1189 1911 1279 1968 ortus
1303 1904 1423 1989 Pegasi

252 2010 381 2074 omnino
407 2009 609 2093 significatus
627 2011 677 2073 sit.
707 2009 821 2095 Neque
839 2011 925 2074 enim
942 2010 1062 2095 Pegasi
1078 2013 1236 2095 originem
1255 2011 1297 2075 ad
1313 2013 1423 2097 ipsum

250 2117 365 2181 Persei
381 2117 510 2180 facinus
528 2118 702 2202 quicquam
720 2119 886 2202 pertinere
903 2120 1105 2202 argumentis
1122 2118 1207 2181 infra
1220 2120 1421 2183 evincemus.

251 2223 296 2288 Ut
330 2235 438 2289 autem
462 2224 581 2308 Pegasi
606 2234 695 2288 ortus
720 2224 971 2309 significaretur,
1002 2224 1177 2289 simulacra
1204 2224 1259 2289 illa
1288 2226 1423 2290 deorum

252 2332 357 2395 orient
344 2331 506 2395 talium
497 2354 531 2394 1n
572 2353 673 2395 causa
710 2329 815 2395 fuisse
849 2353 914 2396 non
949 2342 1099 2417 possunt.
1150 2332 1323 2459 Etenim
1314 2357 1345 2396 1n
1382 2335 1422 2397 iis

252 2448 351 2526 eaput
338 2436 514 2502 tferinum
537 2441 670 2525 propria
698 2440 803 2524 ipsius
834 2442 981 2525 corporis
1016 2461 1093 2525 pars
1123 2449 1183 2522 est,
1218 2441 1323 2504 utdc
1352 2451 1423 2505 ortu

251 2569 317 2611 non
341 2555 428 2630 cogit
406 2546 551 2611 atndum
575 2548 625 2611 sit.
674 2547 771 2611 Praet
760 2555 851 2610 terea
876 2546 930 2610 dei
954 2548 1059 2610 orient
1047 2546 1162 2610 tales
1152 2570 1299 2633 ipsorum
1324 2570 1421 2634 equo·

250 2676 321 2717 rum
347 2653 508 2739 capitibus
533 2653 672 2739 praediti
700 2675 766 2718 non
795 2663 930 2742 exstare,
954 2653 1149 2738 videnturl).
1196 2654 1424 2719 Milchhocfcri

251 2761 412 2829 sententia
450 2783 551 2846 supra
590 2759 762 2825 emendata
798 2765 851 2847 (p.
893 2762 926 2845 6)
966 2760 1217 2846 explicationem
1263 2761 1421 2848 praebere

251 2868 389 2933 videtur.
436 2869 574 2954 Propria
597 2870 681 2933 enim
707 2853 763 2932 illa
787 2869 952 2954 Gorgonis
977 2871 1082 2934 forma
1111 2871 1235 2955 speciei
1265 2872 1422 2955 pristinae

251 2977 408 3040 memoria
424 2978 584 3039 contineri
600 2976 738 3042 videtur.
757 2975 887 3041 Etenim
900 2976 1021 3060 Pegasi
1037 2985 1170 3039 matrem
1189 2977 1278 3040 initio
1296 2979 1422 3062 integro

252 3105 357 3168 equae
381 3105 517 3169 corpore
542 3084 734 3147 instructam
758 3084 863 3147 fuisse
889 3083 1184 3169 comprobavimus.
1221 3084 1296 3149 Ubi
1314 3096 1422 3149 autem

251 3191 408 3253 memoria
431 3188 487 3254 illa
509 3192 574 3255 iam
597 3212 664 3253 non
687 3188 948 3275 intellegebatur,
967 3199 1066 3277 caput
1081 3193 1236 3282 equinum
1260 3215 1325 3256 non
1344 3192 1422 3258 Gor·

250 3299 356 3382 gonis,
381 3297 442 3362 sed
464 3298 584 3383 Pegasi
609 3318 683 3360 esse
707 3297 892 3383 putabatur.

340 3426 410 3488 Iam
433 3423 559 3510 reliqua
582 3434 791 3489 monumenta
814 3434 954 3489 tractare
978 3447 1164 3511 pergamus

339 3532 379 3596 In
403 3533 561 3619 amphora
584 3530 793 3596 multifariam
816 3541 943 3596 resarta
966 3534 1073 3597 musei
1096 3531 1311 3618 Neapolitani,
1339 3555 1422 3619 quae

250 3639 363 3725 figuris
379 3640 488 3705 rubris
506 3663 621 3726 parum
640 3641 802 3704 accuratis
816 3649 914 3725 atque
930 3639 1063 3704 incultis
1075 3642 1163 3726 picta
1180 3641 1270 3724 estfl),
1283 3639 1422 3705 Medusa

341 3873 351 3902 ¹
393 3912 398 3924 .
436 3913 441 3924 .
482 3869 568 3923 ‚239⁸

341 3876 362 4029 i
377 3872 417 4014 df
419 3888 647 4030 chitwaengler
660 3958 746 4013 Catal.
757 3958 794 4012 ad
804 3977 846 4012 nr
858 3958 935 4023 1753;
947 3960 980 4014 Η.
992 3959 1152 4013 Schmidtl
1164 3978 1186 4015 c
1195 3979 1222 4029 p
1230 3960 1354 4029 367371)
1364 3961 1420 4014 154.

341 4051 351 4080 6
382 4050 599 4118 Gaedechenss
592 4068 622 4102 ru
640 4049 736 4102 Ersch
756 4051 786 4102 et
805 4048 891 4102 Grub
911 4048 977 4103 Enc
998 4068 1018 4102 s.
1038 4068 1063 4102 v.
1085 4049 1223 4119 Gorgop.
1243 4051 1342 4103 oran.
1361 4051 1404 4104 37.

380 4140 445 4195 Alte
466 4140 621 4194 Denkmae
622 4157 653 4192 er
670 4138 757 4208 IIIp
776 4139 838 4204 211
857 4139 901 4192 20.

352 4057 361 4118 l

340 4142 361 4206 ⁴)

341 4228 458 4298 6)Ι)ΑΚ
477 4229 506 4282 II
525 4230 567 4299 71,
587 4229 649 4284 897.

340 4320 399 4389 6)1
419 4336 442 4374 c.
461 4337 488 4387 p
507 4318 550 4371 48.

344 4409 362 4477 j
382 4406 574 4475 Milehhoefer
595 4407 743 4476 Anfasnge
762 4426 789 4476 p
809 4407 899 4477 outae.

342 4498 362 4555 6)
383 4498 576 4566 Hoydemann,
596 4516 637 4550 nr.
658 4497 740 4559 1767;
761 4498 804 4551 ed.
819 4497 888 4550 Mus.
904 4496 1061 4551 Borbonico
1074 4496 1146 4549 XIII
1158 4498 1178 4549 t.
1192 4496 1315 4561 57-593
1335 4497 1370 4552 cf.
1391 4498 1422 4553 Ο.

255 4587 341 4657 Jahn,
360 4587 459 4643 Philol.
470 4586 577 4639 XXVII
587 4586 678 4656 (1868)
689 4605 714 4657 p.
733 4586 764 4652 83
784 4584 832 4650 293
851 4587 1062 4655 Furtwaengler
1071 4588 1099 4640 in
1109 4587 1211 4642 Rosch.
1222 4587 1258 4643 Μ.
1271 4586 1300 4638 L.
1312 4585 1333 4639 I.
1346 4587 1423 4642 1726.

306 4695 439 4749 Hannig,
453 4696 488 4740 De
501 4695 603 4749 Pegaso.
1247 4678 1263 4729 2
