3334 5042
1565 474 2016 539 .-32..

613 654 741 719 „cul
787 655 1107 731 dubio'ex
1155 654 1480 731 comoedia
1514 649 1763 730 Graeca
1810 674 1974 729 nova
2022 653 2259 717 hausit.
2309 652 2651 731 Graculum
2687 653 2974 736 quinque

619 761 1024 836 :hexametris
1073 748 1432 824 confectum
1482 757 1833 843 Dionysius
1870 747 2013 822 Hal.
2065 757 2126 842 (Ι
2175 758 2287 842 68)
2338 761 2629 836 servavit.

821 866 1000 940 Quod
1073 867 1147 928 ad
1222 866 1496 928 alterum
1565 867 1802 928 attinet
1874 871 2290 958 momentum,
2371 867 2529 929 illud
2600 867 2972 948 praesertim

638 973 958 1035 offendere
1015 971 1286 1035 debebat
1340 972 1508 1053 quod
1567 971 1892 1036 Minervae
1949 973 2357 1036 simulacrum
2417 973 2754 1036 traditione
2807 973 2973 1035 anti·

639 1078 857 1161 quiore
907 1099 1106 1162 usque
1151 1078 1229 1140 ad
1279 1078 1470 1141 finem
1514 1077 1664 1141 belli
1696 1079 1760 1141 in
1796 1079 2037 1162 templo
2068 1100 2182 1142 suo
2215 1079 2467 1143 stetisse
2498 1078 2971 1162 perhibebatur,

639 1206 781 1247 cum
815 1184 1172 1248 Cassandra
1216 1183 1282 1247 id
1327 1185 1393 1248 in
1441 1183 1617 1248 urbis
1665 1186 2145 1268 expugnatione
2188 1185 2483 1268 amplexa
2516 1189 2700 1250 esset.
2793 1185 2976 1248 Hanc

620 1295 712 1352 -ut
786 1291 1135 1363 solverent.
1173 1291 1619 1355 difficultatem
1691 1295 1917 1373 poetae
1975 1291 2198 1374 cyclici
2261 1290 2422 1355 duas
2488 1292 2625 1356 vias
2680 1292 2975 1354 videntur

636 1396 905 1480 ingressi
962 1417 1114 1459 esse.
1223 1398 1527 1460 Arctinus
1573 1393 1749 1480 (nam
1799 1397 2153 1479 Palladium
2209 1399 2376 1480 apud
2436 1419 2581 1462 eum
2636 1399 2723 1462 ab
2765 1399 2975 1460 Aenea

636 1502 925 1566 ablatum
975 1522 1112 1565 esse
1157 1524 1284 1566 non
1343 1507 1516 1585 puto,
1590 1525 1736 1566 cum
1808 1505 1996 1587 hujus
2064 1503 2431 1568 traditionis
2487 1506 2677 1587 plane
2727 1505 2972 1568 nullum

637 1610 973 1690 vestigium
1067 1613 1220 1672 ante
1310 1609 1656 1673 Varronem
1753 1615 2011 1688 exstet‚.
2088 1614 2285 1694 atque
2384 1612 2551 1674 uude
2650 1615 2799 1674 orta
2889 1612 2975 1674 sit

639 1715 1013 1779 etiamnunc
1081 1716 1382 1798 explicari
1440 1713 1668 1800 possit)
1725 1717 1981 1800 signum
2038 1718 2206 1798 quod
2265 1717 2492 1800 Trojae
2547 1718 2778 1781 mansit
2825 1717 2974 1779 dum

619 1823 789 1884 *urbs
837 1825 1207 1906 expugnata
1254 1826 1358 1885 est
1428 1823 1775 1904 genuinum
1826 1822 2201 1900 Palladium,
2274 1824 2550 1887 alterum
2613 1845 2758 1887 vero
2804 1858 2893 1873 --·
2938 1846 2977 1886 a

639 1927 893 1990 Graecis
943 1932 1194 2010 raptum
1243 1928 1384 1990 dico
1429 1964 1512 1975 —
1545 1927 1779 1992 falsum
1820 1926 2055 2014 μᾷιημα
2102 1950 2239 2000 esse
2288 1931 2605 1994 tradebat.
2709 1929 2976 1994 Lescbes

637 2035 808 2098 inter
855 2033 1178 2098 Minervae
1245 2036 1498 2119 signum
1569 2034 1656 2099 ad
1721 2035 1895 2118 quod
1962 2035 2318 2100 Cassandra
2386 2038 2681 2121 confugit
2750 2038 2977 2119 cuique

636 2141 884 2205 nullum
941 2163 1171 2205 nomeu
1232 2143 1559 2224 proprium
1614 2141 1913 2206 tribuisse
1961 2143 2226 2221 videtur,
2287 2147 2353 2207 et
2406 2142 2842 2207 »Palladium«
2898 2142 2976 2205 de

616 2249 810 2313 ..caelo
860 2248 1126 2332 lapsum,
1176 2270 1214 2311 a
1258 2248 1565 2312 Diomede
1611 2254 1678 2313 et
1725 2248 1914 2312 Vlixe
1961 2255 2233 2332 raptum,
2285 2251 2600 2314 distinxit.

751 2386 756 2390 ·
815 2353 962 2419 Non
1014 2377 1468 2438 usquequaque
1512 2360 1725 2420 tamen
1776 2357 1945 2421 hanc
1993 2357 2468 2421 distinctionem
2523 2355 2716 2440 paulo
2771 2356 2976 2420 subti-

626 2461 858 2526 liorem
909 2463 1337 2544 praevaluisse
1395 2482 1475 2526 ex
1531 2483 1607 2526 eo
1663 2441 1932 2545 apparet
2001 2464 2171 2547 quod
2242 2463 2409 2528 haud
2481 2485 2717 2547 paucae
2787 2463 2975 2526 urbes

636 2565 841 2652 (Siris,
914 2568 1122 2645 Ilium,
1197 2566 1432 2652 Roma)
1500 2569 1654 2632 illud
1727 2569 1938 2653 ipsum
2015 2568 2445 2633 »Palladium«
2523 2592 2589 2633 se
2658 2571 2977 2654 possidere

637 2673 1117 2739 contendebant
1165 2676 1333 2756 quod
1384 2674 1651 2739 Hecuba
1698 2677 1882 2760 peplo
1930 2676 2257 2741 ornavisse
2316 2682 2381 2740 et
2426 2675 2789 2741 Cassandra
2843 2699 2977 2741 am-

639 2781 827 2862 plexa
887 2803 1018 2845 esse
1066 2782 1459 2845 dicebantur.
1579 2782 1694 2845 Cui
1745 2784 2002 2865 quidem
2051 2784 2234 2868 signo
2283 2806 2486 2867 neque
2536 2782 2806 2849 Palladii
2852 2782 2977 2847 Ar-

635 2887 770 2970 givi
839 2889 1075 2970 species
1132 2908 1341 2970 neque
1398 2888 1578 2970 origo
1625 2889 1839 2952 divina
1886 2891 2102 2972 visque
2156 2890 2371 2954 fatalis
2427 2891 2675 2953 desunt.
2724 2927 2809 2935 -—
2858 2889 2975 2952 Sed

638 2993 836 3074 quid?
886 2993 1069 3074 quod.
1104 2995 1170 3057 in
1216 2995 1683 3076 antiquissimis
1731 2996 2065 3080 nigrarum
2111 2997 2467 3079 figurarum
2516 2998 2783 3060 vasculis
2817 3017 2978 3078 quae

638 3098 1051 3164 Cassandram
1082 3098 1162 3162 ab
1199 3099 1394 3184 Ajace
1442 3121 1554 3165 ara
1587 3103 1933 3166 detractam
1981 3104 2312 3181 exhibent,
2363 3103 2774 3167 simulacrum
2807 3103 2975 3185 quod

635 3204 987 3269 Cassandra
1025 3211 1203 3270 tenet
1252 3205 1515 3270 Palladii
1563 3210 1833 3290 speciem
1870 3230 2023 3291 prae
2054 3232 2120 3273 se
2153 3210 2319 3273 fert?
2376 3210 2525 3274 Jam
2558 3211 2756 3273 sentis
2788 3231 2977 3292 quam

643 3314 906 3395 antiqua
965 3317 1175 3376 aetate
1234 3311 1500 3376 Palladii
1557 3317 2056 3402 typusvoinnino
2103 3316 2185 3380 ad
2235 3315 2585 3381 Minervam
2634 3316 2978 3399 Trojanam

641 3419 994 3482 translatus
1049 3419 1151 3494 sit,
1175 3415 1220 3499 ¹)
1301 3425 1495 3501 atque
1538 3421 1687 3484 inde
1734 3423 2030 3506 conjicies
2078 3427 2144 3486 et
2192 3423 2306 3486 bas
2356 3444 2646 3487 vasorum
2699 3425 2980 3506 picturas

637 3528 701 3586 et
751 3525 1083 3588 civitatum
1134 3547 1290 3607 quas
1350 3527 1861 3592 enumeravimus
1933 3528 2180 3593 fabulas
2226 3531 2539 3613 antiquae
2587 3529 2982 3593 narrationis

638 3630 922 3710 poeticae
969 3632 1358 3696 auctoritate
1417 3633 1587 3697 uisas
1643 3654 1803 3696 esse.
1900 3632 2074 3708 Quae
2120 3637 2175 3700 si
2223 3642 2395 3700 recta
2440 3638 2591 3699 sunt
2636 3657 2710 3699 eo
2752 3633 2982 3718 proba-

639 3736 823 3798 bilior
894 3736 1260 3818 conjectura
1329 3738 1601 3815 videtur,
1675 3741 1843 3822 apud
1905 3741 2243 3805 Arctinum
2297 3745 2376 3805 ad
2432 3742 2862 3805 »Palladium«
2917 3743 2982 3805 in

638 3842 812 3904 urbis
862 3844 1348 3925 expugnatione
1397 3845 1820 3909 Cassandram
1868 3847 2133 3930 fugisse.

785 4014 824 4080 ¹)
860 4014 1039 4069 Aliam
1075 4016 1489 4086 explicationem
1529 4019 1677 4073 dedit
1714 4037 1758 4074 v.
1788 4019 1835 4072 d.
1867 4021 1926 4074 E.
1954 4020 2168 4076 Curtius
2216 4022 2375 4077 Arch.
2416 4021 2546 4077 Zeit.
2588 4025 2726 4076 1882
2766 4040 2813 4092 p.
2846 4025 2975 4078 160:

645 4108 733 4160 ..ln
777 4102 905 4157 llion
944 4121 1054 4158 war
1092 4105 1178 4159 die
1214 4106 1634 4162 Athena-Polias
1673 4108 1758 4162 ein
1798 4105 2034 4163 Sitzbild.
2110 4111 2353 4165 Attische
2392 4110 2644 4165 Kiinstler
2684 4112 2857 4166 haben
2897 4113 2985 4166 die

641 4191 852 4245 swffitalt
900 4191 1046 4247 ihtes
1084 4193 1412 4249 heimischen
1451 4194 1856 4251 Gnadenbildes
1894 4198 2035 4251 ohne
2073 4199 2359 4254 Bedenken
2418 4199 2515 4255 auf
2564 4201 2987 4257 nicht-attische

649 4281 858 4336 §at-enen
895 4281 1260 4353 iibertragen.“

3297 1730 3303 1739 ⁴
3262 1576 3311 1709 ’μζ
3265 1122 3309 1503 —n--L
3270 540 3305 1089 *ΜΕ-Ψ
3293 402 3304 521 ᾼᾉιᾷ
3303 334 3304 373 ⁴„

3259 3875 3275 3892 ν

3306 4145 3313 4342 μ.-
3299 3953 3313 4080 ᾼ--ᾼᾼ
3282 3807 3313 3920 Δι-
3309 3727 3312 3761 4
