3334 5042
659 438 878 504 ..29-

187 634 408 699 narrationem
431 654 611 716 sequamur,
646 633 851 701 simulacrum
874 634 1036 699 Minervae
1058 633 1175 699 falsum
1198 634 1350 699 audacter

188 762 226 804 ex
248 741 327 804 urbe
350 740 561 806 abstulerunt.
607 740 676 818 Quo
710 743 805 806 modo
841 745 949 806 autem
983 749 1112 824 raptum
1136 740 1243 816 fuerit
1279 761 1351 804 cum

188 846 371 912 testimonia
407 848 501 932 plane
536 847 647 925 desint,
683 848 841 932 conjicere
875 870 940 911 non
975 847 1058 912 licet.
1120 846 1190 913 Hoc
1222 851 1350 914 tantum

188 954 338 1037 suspicari
373 975 549 1037 possumus,
584 955 767 1038 raptoribus
801 954 919 1038 quippe
954 955 1010 1038 qui
1038 952 1258 1038 deciperentur
1291 951 1350 1017 lal-

189 1081 319 1143 samque
353 1062 525 1144 imaginem
552 1064 754 1143 reportarent
787 1061 990 1126 simulacrum
1026 1082 1047 1124 a
1073 1061 1163 1125 nullo
1185 1060 1350 1145 proditore

189 1172 349 1232 ostentum
387 1169 434 1231 vel
471 1167 617 1232 oblatum
646 1166 752 1231 fuisse.
799 1167 953 1233 Celeriter
976 1171 1073 1233 noctu
1096 1167 1256 1251 expeditio
1278 1187 1350 1249 per-

189 1273 277 1340 lecta
300 1278 357 1338 est.

277 1380 338 1445 Sed
357 1381 425 1464 jam
442 1382 607 1464 quaeritur
629 1381 712 1445 uude
725 1401 844 1446 novam
867 1380 955 1444 illam
967 1379 1229 1464 labellampoeta
1243 1396 1351 1462 sump-

188 1488 280 1562 serit;
314 1507 392 1551 nam
415 1508 487 1551 eum
519 1491 632 1571 raptus
655 1487 873 1554 narrationem
895 1487 933 1550 de
956 1508 1013 1551 suo
1035 1486 1166 1550 finxisse
1189 1506 1282 1549 nemo
1305 1489 1353 1549 est

189 1593 245 1676 qui
282 1590 402 1657 credat.
463 1592 522 1658 Oui
564 1593 744 1676 quaestioni
788 1598 824 1657 ut
867 1592 1102 1657 satisfaciamus
1142 1612 1267 1658 necesse
1305 1595 1353 1657 est

189 1720 299 1764 omnes
322 1698 448 1763 fabulas
472 1720 554 1782 quae
577 1701 616 1763 ad
643 1698 823 1764 Palladium
847 1704 996 1783 spectant
1019 1699 1259 1784 perlustramus.

461 1914 489 1995 ἕ
514 1914 544 1976 3.
581 1912 748 1977 Fabulae
770 1912 1036 1978 Athenienses.
1051 1908 1077 1997 ¹)

279 2036 521 2101 Monumentum
545 2037 805 2120 antiquissimum
828 2038 930 2102 exiis
958 2057 1043 2120 quae
1066 2038 1190 2108 restant
1214 2034 1353 2100 Athenis

190 2143 369 2208 confectum
387 2147 448 2219 est3
473 2146 588 2227 patera
611 2148 661 2207 est
684 2144 739 2208 illa
759 2166 840 2228 quae
856 2143 1004 2208 Hieronis
1027 2164 1144 2207 nomen
1166 2142 1353 2225 inscriptum

189 2249 298 2328 habet,
322 2271 402 2335 opus
425 2249 542 2313 saeculi
566 2250 671 2333 quinti
694 2251 843 2315 ineuntis
890 2249 919 2314 E
942 2272 1005 2334 qua
1028 2249 1177 2314 discimus
1196 2250 1263 2332 jam
1290 2246 1353 2311 illis

190 2357 389 2441 temporibus
412 2356 539 2421 fabulas
563 2358 717 2438 quasdam
741 2358 781 2421 ad
797 2356 974 2421 Palladium
999 2357 1194 2440 pertinentes
1217 2353 1354 2418 Athenis

190 2463 336 2547 vulgatas
366 2486 443 2529 esse.
495 2462 632 2526 Exstant
664 2468 774 2527 autern
798 2464 837 2528 de
871 2462 921 2527 his
949 2462 1198 2527 Atheniensibus
1236 2458 1354 2525 fabulis

190 2570 345 2634 nonnulla
374 2571 457 2654 apud
487 2570 655 2653 scriptores
689 2571 875 2635 testimonia
912 2591 929 2634 e
961 2570 1075 2653 quibus
1105 2568 1182 2633 illud
1214 2568 1352 2650 primum

170 2677 304 2754 ‘elucet
331 2677 541 2741 Athenienses
564 2699 596 2740 se
618 2678 744 2760 signum
762 2677 938 2760 Trojanum
966 2676 1127 2760 possidere
1145 2675 1352 2738 contendisse.

284 2784 373 2860 Quae
387 2784 452 2846 dixi
465 2780 1353 2868 testimoniaomniaapudlexicographosinfimaeaetatis

191 2890 350 2975 (Hesych,
375 2891 426 2955 Et.
450 2890 504 2956 M..
529 2888 626 2968 suia,
648 2891 769 2974 Apost,
787 2891 896 2972 Eunt.)
912 2891 1069 2974 leguntur,
1086 2889 1141 2972 qui
1157 2909 1252 2970 opera
1267 2887 1353 2951 anti·

191 2999 302 3082 quiora
326 2997 538 3081 (Harpocrat,
555 2997 738 3062 Pausaniae
753 2997 832 3081 lex.)
850 3001 1088 3081 excerpserunt.
1127 2994 1169 3058 Hi
1185 3016 1257 3057 vero
1275 2994 1352 3077 quin

190 3126 247 3168 sua
263 3105 598 3170 ecommentatoribus
614 3105 652 3167 ad
669 3108 809 3168 oratores
824 3103 949 3168 Atticos
959 3103 1161 3185 sumpserint,
1176 3100 1231 3182 qui
1243 3101 1303 3184 ipsi
1314 3122 1353 3163 ex

193 3212 451 3297 atthidographis
474 3211 652 3288 hauserint,
677 3211 796 3276 nemini
819 3211 996 3275 accuratius
1018 3208 1199 3292 inspicienti
1222 3207 1352 3272 dubium

190 3340 255 3383 esse
278 3319 406 3402 poterit.

278 3424 357 3490 Tres
380 3427 507 3488 exstant
529 3425 613 3487 illius
631 3424 764 3514 ‘fabulae
786 3424 976 3489 traditiones
998 3423 1129 3507 paulum
1153 3422 1302 3488 diversae.
1349 3442 1352 3457 ³

281 3533 308 3596 l.
333 3532 380 3596 Ela
396 3552 477 3617 quae
497 3531 718 3615 antiquissima
740 3532 867 3596 videtur
884 3552 950 3595 esse
973 3527 1171 3595 Clitodcmum
1190 3533 1353 3593 auctorem

192 3638 297 3714 habet,
322 3640 376 3723 qui
400 3638 536 3722 scriptor
559 3638 611 3702 vix
635 3638 869 3722 quinquaginta
893 3637 986 3700 annis
1006 3641 1078 3719 post
1098 3635 1268 3699 Hieronem
1287 3636 1353 3720 pic·

190 3752 292 3809 torem
315 3745 433 3809 floruit.
468 3744 618 3809 Narratio
640 3745 810 3809 memoriae
833 3743 953 3808 tradita
975 3749 1025 3808 est
1044 3744 1083 3807 ab
1099 3741 1353 3827 Harpocratione

192 3848 254 3930 (ἐπὶ
277 3848 462 3935 Παλλαδίῳ),
488 3851 642 3935 scriptore
665 3849 770 3935 Etym.
788 3849 897 3933 Magni
921 3847 984 3932 (ἐπὶ
1000 3847 1063 3935 Π.),
1089 3847 1186 3914 Suida
1209 3845 1272 3931 (ἐπὶ
1286 3844 1352 3930 ΙῙ.),’

262 4012 281 4077 ¹)
300 4008 408 4081 Encycl
427 4026 450 4062 v.
471 4007 559 4063 Ersch
576 4025 602 4062 ιι.
615 4006 727 4075 Gruher,
749 4006 889 4062 Palladion
908 4005 1124 4076 (Schneidewin)
1162 4004 1183 4060 O
1205 4006 1235 4061 0
1249 4004 1352 4071 Miller

189 4097 231 4156 lll.
251 4097 385 4154 Schriften
402 4097 427 4152 ll
446 4097 498 4152 134
507 4113 567 4167 sqq
604 4095 765 4163 Mommsen,
793 4095 966 4166 Heortologie
993 4094 1046 4151 429
1059 4111 1119 4165 sqq.
1160 4093 1190 4149 Ο.
1210 4092 1295 4158 Jahn,
1318 4093 1352 4147 de

189 4186 272 4257 antiq.
291 4186 425 4241 Minervae
444 4186 502 4240 sim
521 4184 610 4240 atticis
630 4184 711 4251 1866,
735 4185 769 4238 18
782 4199 844 4255 sqq.
889 4183 1023 4251 Roscher‚
1048 4183 1158 4319 ιιγιιι
1149 4182 1219 4238 Lex.
1238 4182 1352 4236 Athena.

189 4273 320 4344 Toepffer,
339 4275 394 4329 Att
414 4273 522 4330 Geneal.
544 4273 596 4328 145
608 4289 667 4344 sqq
