3334 5042
677 376 897 445 ..55-

207 575 291 639 ultro
314 596 500 661 progressos
526 595 592 640 esse
625 576 659 639 in
681 574 906 660 performando
933 575 1043 659 mytho
1071 575 1162 640 docet
1189 595 1247 640 nos
1274 573 1362 639 Anti·

206 680 315 746 cthem's
330 679 375 768 (λ)
392 683 578 767 exemplum,
595 683 628 746 in
644 682 734 766 cujus
750 682 1031 753 declamationibus
1046 676 1136 768 (Αἴας
1148 686 1180 747 et
1193 677 1359 767 Ὀδυσσεύς)

207 786 318 853 Vlixes
352 811 434 854 unus
473 795 570 872 atque
609 788 664 854 ubi
698 790 844 855 mendico
882 766 1008 854 habitux
1025 788 1148 871 Trojsm
1180 789 1363 873 penetravit

207 894 384 960 Palladium
410 898 549 979 rapuisse
576 894 769 980 perhibetur.
820 896 920 962 Locos
954 896 1017 960 huc
1050 895 1253 980 pertinentes,
1288 917 1362 959 cum

205 1001 308 1067 adhuc
342 1025 362 1066 e
395 1003 483 1067 nullo
516 1004 651 1086 respecti
678 1004 756 1081 siut,
789 1003 900 1079 sffer03
935 1002 1040 1086 Ajacis
1072 1002 1171 1066 rerba
1197 1005 1284 1066 sunt:
1310 1002 1361 1084 §b

206 1108 283 1182 ὅστις
313 1132 347 1191 γε
379 1110 434 1192 (sc.
459 1108 580 1187 Vlixes)
607 1112 767 1194 μαστιγοῦν
801 1111 927 1198 παρεῖχε
945 1111 1013 1183 ,τοῖς
1038 1105 1153 1181 δούλοις
1175 1109 1224 1170 καί
1249 1106 1361 1171 τύπτειν

205 1214 300 1290 ξύλοις
324 1217 360 1280 τὰ
388 1218 468 1280 νῶτα
494 1217 542 1279 καί
568 1219 693 1302 πυγμαῖς
717 1216 751 1280 τὸ
778 1217 952 1303 πρόσωπον,
985 1214 1105 1279 κᾶπειτα
1132 1214 1364 1301 περιβαλόμενος

200 1323 293 1409 priam,
329 1326 381 1410 τῆς
405 1321 512 1405 νυκτὸς
541 1323 584 1396 είς
607 1322 640 1386 τὸ
668 1325 764 1411 τεῖχος
788 1322 887 1398 εἰσδὺς
912 1327 970 1387 τῶν
998 1320 1141 1407 πολεμίων
1168 1322 1363 1408 ἱεροσυλήσας

204 1428 331 1516 ἀπῆλθε.
381 1430 485 1496 Verbo
514 1434 621 1493 autem
650 1430 845 1517 ἱεροσυλήσας
865 1429 1000 1495 Palladii
1028 1436 1157 1514 raptum
1184 1428 1358 1513 significari

204 1535 465 1602 antecedentibus
498 1537 601 1601 verbis
635 1537 813 1601 ostenditur
837 1535 887 1623 (3)
911 1538 946 1611 ὅς
966 1534 1104 1624 (Vlixes)
1138 1535 1359 1621 καὶπρότερον

204 1643 398 1730 ἱεροσυλήσας
418 1642 517 1707 αὐτῶν
540 1642 775 1727 (Trojanorum)
800 1642 833 1706 τὸ
856 1642 974 1727 ἄγαλμα
996 1648 1049 1731 τῆς
1068 1640 1144 1706 θεοῦ
1167 1640 1280 1728 νύκτωρ
1303 1643 1360 1706 ιπλ.

203 1787 246 1795 -
280 1748 373 1814 Adde
412 1751 506 1816 etiem
540 1749 642 1814 Vlixis
677 1751 871 1833 jactationes
909 1751 972 1831 §8
1011 1750 1073 1832 ἐγὼ
1112 1748 1147 1812 δὲ
1181 1747 1291 1822 ἄοπλος
1323 1749 1358 1835 οὐ

203 1855 278 1942 πρὸς
306 1857 342 1919 τὰ
370 1855 452 1944 τείχη
479 1860 537 1920 τῶν
565 1856 710 1942 πολεμίων
738 1855 800 1918 ἀλλ’
828 1859 871 1932 εἷς
901 1855 977 1922 αὐτὰ
1004 1856 1175 1944 εἰσέρχομαι
1202 1856 1238 1919 τὰ
1266 1855 1357 1943 τείχη,

202 1964 250 2025 καί
283 1967 340 2027 τῶν
368 1963 513 2048 πολεμίων
539 1962 607 2038 τοὺς
633 1963 827 2051 προφύλακας
851 1963 1051 2052 ἐγρηγορότας
1075 1962 1174 2037 αὐτοῖς
1200 1964 1259 2036 τοῖς
1285 1962 1361 2046 (τοῖς

204 2069 320 2154 adjeci)
354 2070 453 2144 ὅπλοις
484 2071 563 2157 αίρῶ
590 2107 633 2117 -
661 2070 723 2136 Sed
756 2075 788 2135 et
821 2070 941 2136 oraculi
968 2069 1110 2153 Trojanis
1144 2070 1211 2134 dati
1245 2070 1356 2134 urbem

202 2177 378 2261 expugnari
405 2198 468 2242 uon
492 2198 585 2261 posse
607 2178 670 2243 uisi
692 2177 834 2243 Palladio
857 2184 949 2262 rapto
973 2176 1180 2242 Antisthenes
1203 2175 1357 2241 hocloco

203 2281 274 2366 (od.
289 2281 324 2367 3)
342 2284 579 2367 antiquissimus
593 2286 685 2349 testis
701 2289 759 2363 est,
783 2286 840 2370 qui
854 2284 949 2349 etiam
965 2283 1041 2348 heec
1058 2284 1135 2347 setis
1151 2284 1231 2347 mira
1245 2283 1355 2361 tradit,

201 2390 329 2473 signum
345 2389 510 2456 Minervae
533 2390 680 2458 aParide
702 2412 765 2456 una
788 2413 861 2456 cum
875 2390 1001 2456 Helena
1023 2411 1061 2455 ex
1077 2389 1212 2455 Graecia
1227 2389 1352 2472 Trojem

200 2499 345 2561 avectum
368 2517 443 2561 esse.

288 2602 430 2666 Eandem
450 2605 625 2669 versionem
641 2605 795 2689 respicere
811 2605 958 2669 videntur
973 2604 1068 2669 Rhesi
1082 2625 1190 2668 versus
1205 2602 1268 2668 501
1286 2624 1356 2687 sqq.
1469 2627 1473 2641 ·

200 2706 338 2794 (Vlixes)
361 2709 396 2782 ὅς
415 2710 458 2783 είς
477 2707 609 2784 Ἀιλανιῖς
632 2710 722 2797 σηκὸν
744 2708 867 2798 ἔννυχος
882 2709 983 2794 μολὼν
1003 2709 1008 2794 l
1027 2710 1138 2794 κλέψας
1155 2708 1271 2794 ἄγαλμα
1287 2712 1360 2783 ναῦς

200 2813 244 2877 ἐνί
268 2813 409 2899 Ἀργείων
429 2816 528 2903 φέρει·
550 2816 554 2900 Ι
574 2814 632 2904 ἤδη
649 2817 676 2879 δ’
692 2815 821 2905 ἀγύρτης
833 2816 976 2905 πτωχικὴν
991 2800 1071 2904 έχων
1086 2817 1191 2904 στόλιγν
1210 2823 1214 2896 l
1235 2813 1356 2903 εἷσῆλιλε

200 2919 337 3006 πύργους,
358 2921 451 2985 πολλὰ
467 2923 493 2985 δ’
510 2922 652 3009 Ἀργείοις
664 2924 738 2987 κακὰ
758 2922 762 3007 Ι
782 2923 887 3010 ἠρᾶτο,
903 2920 1051 3008 πεμφθεὶς
1058 2917 1141 2986 Ἴλιον
1155 2924 1336 2997 κατοίστιοπος
1350 2921 1354 3009 l
1428 2972 1431 2975 ,

199 3028 311 3092 ιπανὼν
334 3028 369 3092 δὲ
384 3028 539 3116 φρουροὺς
551 3029 598 3094 καί
612 3031 805 3116 παοαστιίτας
817 3030 916 3094 πυλῶν
935 3029 940 3117 Ι
961 3027 1087 3118 ἐξῆλθεν
1103 3067 1155 3108 -,
1177 3031 1232 3095 uhi
1247 3032 1355 3095 tamen

200 3134 330 3223 πτωχεία
354 3141 387 3202 et
409 3137 543 3202 Palladii
565 3143 674 3221 raptus
697 3138 900 3203 distineatur.
948 3137 1019 3202 Vid.
1037 3138 1134 3202 etiam
1149 3136 1355 3224 Lycophronis

200 3242 288 3308 Alex.
313 3268 342 3309 v.
366 3242 441 3308 658.

287 3347 366 3414 Cum
384 3350 571 3416 Antisthene
588 3351 726 3435 denique
741 3349 944 3415 consentiunt
959 3371 997 3415 ea
1012 3372 1093 3433 quae
1109 3352 1195 3434 apud
1214 3349 1355 3416 Ovidium

200 3454 275 3520 Met.
299 3455 380 3520 XIII
402 3454 466 3521 335
490 3479 559 3542 sqq.
583 3459 743 3543 leguntur,
779 3479 842 3541 quc
877 3457 946 3523 loco
982 3480 1108 3543 quoque
1133 3456 1241 3522 Vlixes
1276 3458 1354 3542 quid

199 3564 396 3647 praestiterit
431 3564 498 3645 ipse
534 3572 654 3630 narret.
723 3563 915 3647 ceteroquin
949 3564 1061 3630 Ouidio
1095 3571 1161 3631 tres
1195 3566 1353 3631 versiones

199 3669 338 3735 diverses
365 3671 508 3754 cognitas
534 3692 603 3735 esse
633 3695 649 3736 e
678 3670 846 3736 Fastorum
879 3672 949 3737 loco
984 3673 1088 3737 elucet
1110 3670 1172 3752 (Vl
1194 3672 1259 3736 433
1282 3692 1352 3755 sqq.

201 3797 276 3841 »seu
303 3798 404 3863 genus
425 3775 556 3842 Adrasti
580 3800 637 3842 seu
660 3776 756 3843 furtis
780 3782 875 3862 aptus
897 3778 1004 3844 Vlixes
1027 3776 1033 3862 Ι
1058 3801 1112 3843 seu
1135 3780 1206 3862 pius
1228 3780 1353 3844 Aeneas

199 3921 240 3931 -
264 3884 415 3967 eripuisse
438 3883 564 3949 ferunt<
584 3921 623 3930 -
642 3884 709 3968 -).

287 3989 330 4054 Et
351 3991 430 4055 haec
452 3994 581 4057 traditio
604 3993 785 4077 tragoediae
808 3992 936 4057 cuidam
952 3991 1079 4057 Atticae
1094 3993 1249 4079 originem
1264 4015 1353 4058 suam

198 4096 341 4165 debuisse
364 4096 504 4176 videtum
528 4101 666 4169 occurrit
689 4100 796 4171 auimo
812 4098 903 4164 Jouis
919 4099 1029 4171 fabula
1048 4097 1182 4193 Φρουροί
1192 4100 1351 4186 iuscripta,
