3334 5042
806 443 1012 508 ...30-

237 641 239 644 ’
326 636 490 723 Apostolio
514 637 667 720 (v134),
692 636 930 725 Eustathio(p.
956 639 1068 722 1419).
1095 677 1140 685 —
1166 639 1218 703 Et.
1244 638 1339 724 Mag,
1364 636 1485 715 Suidas,

323 743 517 828 Apostolius,
530 744 621 809 Eust.
638 766 710 809 cnm
726 746 767 810 ad
784 746 915 809 verbnm
931 747 1140 823 consentiant,
1154 745 1291 810 eundem
1307 747 1374 810 sine
1390 744 1487 809 dubio

325 856 490 916 auctorem
513 856 750 934 excerpserunt3
785 872 881 935 quem
904 849 1095 916 Pausaniam
1122 852 1155 915 in
1180 851 1295 916 Lexico
1323 849 1421 916 luisse
1448 873 1485 913 ex

324 957 485 1023 nonnullis
509 956 671 1022 Eustathii
698 958 801 1022 verbis
827 963 962 1042 apparet
990 965 1022 1033 (.
1048 954 1213 1029 ,ἐδίκαζον
1241 955 1276 1018 δὲ
1303 956 1380 1019 κατὰ
1402 954 1484 1018 Παιι-

322 1062 427 1126 σανίαν
449 1111 457 1127 .
482 1111 490 1126 .
515 1062 548 1148 l
559 1059 584 1147 ¹)
638 1065 741 1148 Atque
776 1064 965 1130 Pausaniam
999 1064 1216 1130 narrationem
1254 1086 1344 1128 suam
1383 1064 1485 1128 verbis

278 1186 282 1193 ’
323 1167 521 1256 Πλειτόδημάς
554 1190 627 1256 φησι
654 1218 662 1233 .
687 1219 695 1234 .
723 1170 879 1254 incepisse
919 1193 956 1235 ex
991 1175 1145 1254 quattuor
1179 1170 1246 1253 ejus
1281 1177 1485 1253 exceptorum

290 1304 295 1309 ·
322 1297 476 1340 consensu
492 1280 631 1341 constat.
666 1275 876 1359 Harpocratio
892 1283 1007 1354 autem,
1031 1277 1086 1360 qui
1110 1277 1288 1341 narrationi
1307 1276 1369 1360 ipsi
1384 1298 1485 1360 pauca

323 1382 419 1446 verba
452 1382 492 1447 de
525 1380 680 1446 tribunali
714 1378 761 1442 ἐπὶ
791 1377 957 1466 Παλλαδίῳ
982 1383 1168 1464 praemittit,
1204 1382 1255 1448 hic
1279 1383 1483 1447 Aristotelem

320 1487 430 1551 laudat
464 1483 496 1548 ἐν
523 1485 679 1574 reptata
707 1485 847 1572 πολιτείᾳ.
905 1485 974 1563 Qua
1009 1489 1306 1553 commemoratione
1338 1489 1484 1572 proxima

321 1597 446 1658 tantum
470 1593 569 1658 rerba
591 1594 703 1677 respici
726 1612 849 1678 papyro
873 1616 974 1678 nuper
990 1594 1076 1659 edita
1090 1593 1135 1680 (p.
1148 1593 1224 1673 144)
1246 1595 1482 1678 comprobatum

320 1699 460 1764 narratio
483 1699 555 1783 ipsa
577 1698 712 1765 Palladii
735 1723 754 1764 a
777 1699 999 1784 Demophonte
1023 1702 1119 1783 rapti,
1144 1723 1228 1784 quae
1259 1699 1324 1765 fe're
1347 1698 1389 1764 ad
1412 1721 1482 1764 ver-

320 1806 396 1869 bum
430 1827 503 1870 cum
536 1803 714 1869 Pausaniae
749 1807 958 1890 descriptione
992 1807 1160 1885 consentit,
1196 1807 1237 1871 ad
1271 1804 1482 1871 Glitodemum

319 1911 405 1976 hand
429 1911 526 1976 dubie
548 1910 717 1975 referenda
740 1917 796 1976 est.
837 1912 941 1976 Verba
962 1915 1028 1996 ejus
1043 1911 1155 1976 affero:
1179 1909 1388 1998 Ἀγαμέμνονος
1404 1911 1483 1995 μετὰ

320 2021 381 2080 τῶν
400 2013 539 2102 Ἀργείων
566 2015 620 2103 σὺν
645 2018 688 2101 τῷ
711 2014 876 2100 Παλλαδίῳ
903 2015 1161 2105 προσενεχθέντος
1178 2015 1314 2105 Ἀθήναις
1338 2016 1375 2088 ἐξ
1393 2015 1481 2091 llice,

321 2122 473 2210 Δημοφῶν
489 2121 615 2208 ἁρπάζει
632 2122 665 2184 τδ
681 2120 852 2185 Παλλάδιον
873 2123 923 2185 καὶ
946 2122 1073 2192 πολλοὺς
1095 2128 1156 2187 τῶν
1172 2123 1340 2187 διωκόντων
1356 2125 1481 2208 ἀναιρεῖ.

318 2225 503 2313 Ἀγαμέμνων
529 2226 565 2291 δὲ
587 2226 776 2315 δυσχεράνας
795 2226 877 2315 δίκην
901 2233 953 2293 τοῦ
977 2230 1169 2316 ἁρπάσαντας
1189 2230 1312 2294 ἀπαιτεῖ
1333 2232 1382 2294 καὶ
1407 2228 1481 2293 συνί-

318 2356 424 2398 σταται
439 2333 473 2396 τδ
489 2332 677 2421 δικαστήριον
699 2357 726 2397 ιι.
739 2356 764 2399 τ.
778 2334 802 2397 λ.
829 2335 1007 2401 Palladium
1022 2338 1120 2421 igitur
1135 2338 1232 2404 habet
1246 2340 1479 2422 Agamemnon3

318 2443 403 2525 quod
431 2462 502 2507 cum
530 2463 637 2506 secum
666 2441 795 2506 domum
818 2450 997 2526 reportaret
1023 2467 1042 2508 a
1065 2443 1289 2529 Demophonte
1316 2446 1478 2527 spoliatur.

317 2548 492 2613 Maximum
515 2549 640 2631 pondus
664 2548 738 2613 huic
761 2549 942 2613 testimonio
966 2550 1173 2616 tribuendum
1196 2556 1258 2614 est:
1287 2572 1360 2614 narn
1385 2570 1480 2634 quam

316 2655 445 2718 remotis
467 2654 664 2738 temporibus
687 2658 831 2721 narratio
856 2662 926 2721 crta
948 2660 991 2721 sit
1012 2679 1087 2721 mox
1111 2658 1293 2721 videbimus.

404 2763 435 2827 2.
473 2760 567 2825 Varie
582 2766 688 2826 tamen
704 2784 768 2846 quo
781 2765 875 2828 modo
895 2763 1073 2829 Palladium
1082 2763 1225 2828 Athenas
1237 2763 1370 2828 allatum
1382 2761 1480 2826 fuerit

201 2952 203 2955 Ι
316 2869 514 2932 narrabatur.
561 2867 689 2933 Etenim
718 2891 798 2952 quae
823 2891 843 2934 a
866 2872 970 2954 priore
993 2870 1084 2949 valde
1108 2869 1214 2934 differt
1234 2871 1365 2934 traditio
1389 2869 1479 2933 nobis

316 2997 335 3038 a
358 2973 528 3040 scholiasta
551 2975 584 3037 in
597 2974 789 3040 Aeschinem
812 2976 866 3059 (de
883 2977 953 3041 fals.
966 2978 1027 3061 leg.
1045 2977 1063 3059 ἓ
1080 2977 1131 3041 87.
1146 2974 1274 3059 Sauppe
1290 2975 1345 3041 Or.
1363 2982 1418 3040 att.
1436 2975 1477 3039 Il.

316 3104 348 3165 p.
383 3080 456 3166 32),
499 3080 629 3146 Polluce
668 3079 771 3165 (Vlll.
810 3082 906 3162 118),
946 3082 1106 3168 Hesychia
1145 3083 1188 3164 (a.
1224 3107 1252 3149 v.
1287 3079 1442 3164 ἀγνῶτες),
1454 3078 1479 3166 ²)

252 3192 255 3197 '
282 3206 285 3214 ·
317 3188 422 3266 Suida,
458 3187 635 3271 Apostolio,
665 3187 834 3254 Eustathio
871 3191 902 3253 ll.
931 3210 976 3256 cc.
1011 3195 1134 3254 servata
1168 3194 1226 3255 est.
1261 3225 1304 3236 —
1339 3189 1478 3267 Suidam,

318 3292 526 3379 Apostolium,
551 3293 756 3359 Eustathium
777 3294 879 3359 lexico
902 3295 1079 3363 Pausaniae
1106 3316 1164 3360 sua
1186 3297 1300 3361 debere
1323 3297 1477 3371 vidimus3

317 3401 401 3484 quod
429 3401 563 3478 lexicon,
588 3422 659 3465 curn
683 3401 717 3464 in
740 3401 846 3484 priore
869 3404 1056 3467 narratione
1078 3408 1239 3467 auctorem
1261 3425 1352 3467 suum
1377 3403 1478 3466 nomi·

315 3510 432 3583 nasset,
467 3505 591 3570 fontem
614 3528 742 3591 quoque
769 3505 915 3572 laudasse
939 3508 1107 3574 verisimile
1143 3513 1192 3574 est
1208 3534 1212 3543 ·
1227 3531 1266 3574 ex
1298 3529 1362 3592 quo
1395 3507 1478 3573 hanc

316 3613 448 3677 alteram
470 3610 609 3683 fabulam
632 3614 808 3697 sumpserit.
860 3614 903 3678 Et
929 3616 1073 3699 profecto
1095 3637 1114 3679 a
1137 3615 1235 3680 Suida
1258 3620 1289 3679 et
1312 3614 1478 3697 Apostolio

316 3718 530 3783 Ρλιαιιοάιιιιιιι
549 3720 742 3783 nominatur.
782 3719 866 3795 Quin
890 3726 997 3785 autem
1019 3743 1056 3785 ex
1081 3723 1190 3786 eodem
1214 3721 1304 3784 fonte
1326 3720 1478 3783 fluxerint

316 3829 351 3898 et
372 3824 508 3890 Pollucis
531 3829 564 3889 et
587 3826 775 3890 scholiastae
799 3827 996 3891 narrationes
1019 3847 1112 3892 nemo
1134 3830 1189 3911 qui
1218 3847 1270 3890 eas
1285 3826 1397 3911 legerit
1421 3827 1477 3890 du-

388 4002 408 4066 ¹)
427 3999 579 4056 Dindorlius
597 3999 632 4055 ad
650 3999 780 4070 Harpocr.
798 4000 816 4055 l.
837 4016 873 4058 c.:
895 3999 1006 4064 ,Suidas
1024 3999 1142 4070 glossam
1161 4017 1237 4055 suam
1254 4000 1326 4055 haud
1344 4001 1425 4056 dubie
1444 4017 1478 4055 ex

316 4087 404 4142 Photii
421 4087 507 4143 lexico
525 4089 647 4158 sumpsit,
665 4089 711 4144 ubi
729 4088 822 4143 incidit
838 4089 864 4142 in
883 4089 1006 4143 lacunam
1025 4089 1082 4146 cod.
1097 4088 1218 4144 Galeani.
1255 4089 1367 4144 Photius
1389 4092 1478 4143 autern

317 4192 366 4230 sua
383 4175 477 4233 debuit
493 4177 641 4232 Pausaniae
659 4177 769 4232 lexico.“

388 4269 409 4335 2)
428 4264 469 4321 De
487 4267 539 4320 hac
556 4264 682 4339 Hesychii
702 4265 793 4336 glossa
810 4264 934 4319 mutilata
951 4264 1011 4319 vide
1029 4264 1112 4320 Maur.
1148 4265 1269 4321 Schinidt
1288 4268 1316 4321 in
1334 4266 1458 4322 editione.
