3334 5042
816 310 859 373 42
921 402 943 407 Μ

253 508 373 591 strigae
409 505 563 571 terribilis
599 506 796 590 abscideret,
833 529 917 594 quae
952 508 1167 593 aspicientem
1204 529 1367 593 quemque
1391 508 1423 572 in

253 636 383 679 saxum.
402 615 666 700 transfigurabat.
713 615 752 678 In
775 618 891 679 itinere
927 624 1037 679 autem
1062 616 1134 678 seni
1163 614 1293 679 obviam
1308 596 1424 681 'factus

253 726 381 788 iuvenis
406 746 526 810 equum
550 721 671 787 alatum
694 725 897 787 nanciscitur
921 732 953 786 et
980 732 1139 806 monetur,
1169 732 1204 786 ut
1227 723 1269 787 ad
1294 724 1426 788 domum

253 830 416 918 quandam
440 854 477 896 se
501 830 658 914 conferat,
683 830 739 895 ubi
764 831 848 894 duae
872 831 1014 896 feminae
1039 831 1133 896 oculo
1158 834 1322 896 communi
1344 855 1425 897 usae
1489 878 1493 885 -

252 937 452 1002 habitabant.
510 937 563 1002 Ab
605 941 645 1002 iis
681 940 767 1003 enim
804 937 976 1025 speculum
1012 949 1209 1025 accepturus
1244 949 1324 1022 erat,
1361 962 1425 1026 quo

213 1088 217 1095 -
252 1045 414 1110 reflexum
442 1046 563 1130 strigae
594 1055 692 1132 caput
719 1047 850 1131 impune
875 1045 1048 1132 adspicere
1072 1058 1195 1133 posset.
1243 1048 1312 1111 Iam
1342 1070 1425 1133 equo

252 1151 328 1217 alite
352 1152 394 1217 ad
417 1151 557 1217 feminas
580 1152 653 1217 illas
678 1163 793 1217 vectus
818 1162 877 1217 est.
916 1152 1062 1233 Quarum
1087 1154 1217 1219 oculum
1242 1165 1425 1242 surreptum

254 1284 293 1325 ea
317 1260 510 1325 condicione
545 1260 700 1341 reddidit,
737 1270 772 1324 ut
808 1260 979 1346 speculum
1016 1261 1076 1325 sibi
1112 1262 1304 1348 obtingeret.
1353 1261 1426 1343 Quo

253 1377 401 1454 accepto,
418 1368 461 1431 ad
486 1370 593 1453 ipsam
623 1370 758 1452 strigam
785 1368 952 1454 profectus
982 1379 1040 1432 est.
1088 1369 1190 1434 Cuius
1215 1373 1321 1456 capite
1345 1372 1426 1456 poti-

252 1485 305 1540 tus
323 1468 462 1539 domum¹
478 1476 583 1540 rediit.
616 1476 724 1559 Atque
741 1477 774 1539 in
790 1478 905 1540 itinere
922 1477 1082 1561 virginem
1099 1500 1118 1541 a
1134 1478 1277 1542 dracone
1301 1486 1427 1564 septem

219 1575 221 1579 ¹
254 1583 415 1670 capitibus
445 1586 603 1648 instructo
631 1582 793 1660 liberavit,
830 1606 904 1647 cum
940 1586 1047 1669 capite
1082 1587 1203 1669 strigae
1239 1585 1370 1651 obtento
1395 1588 1427 1649 in

254 1714 369 1756 saxum
387 1701 601 1755 converteret.
633 1690 783 1775 Linguas
800 1701 909 1755 autem
928 1691 1081 1756 draconis
1106 1697 1288 1778 exsectasll
1314 1716 1427 1757 secum

254 1798 407 1864 auferens
442 1801 502 1862 iter
525 1800 642 1884 pergit,
678 1807 714 1862 ut
748 1793 922 1862 terrarum
947 1798 1059 1862 orbem
1096 1810 1283 1885 eognoscat.
1333 1801 1429 1865 Sutor

254 1916 363 1971 autem
387 1908 678 1970 veteramentarius
697 1897 969 1971 occasione'usus
986 1908 1103 1987 virgini
1120 1906 1276 1972 liberatae
1291 1917 1426 1972 mortem

255 2015 437 2088 denuntiat,
473 2015 537 2077 nisi
571 2015 679 2098 ipsum
715 2013 868 2078 draconis
904 2016 1064 2079 victorem
1099 2014 1270 2100 perhibeat
1297 2038 1336 2079 ac
1365 2015 1429 2080 sibi

254 2106 387 2186 nubere
403 2119 489 2184 velit.
521 2120 650 2200 Quibus
674 2120 715 2184 de
732 2120 831 2184 rebus
850 2124 968 2185 certior
983 2120 1090 2185 factus
1115 2122 1242 2186 iuvenis
1266 2121 1321 2186 ille
1345 2121 1429 2187 redit

254 2239 287 2292 et
309 2238 437 2315 septem
461 2227 614 2292 draconis
638 2227 759 2312 linguis
784 2252 883 2292 verus
911 2228 1065 2293 liberator
1094 2232 1243 2315 cognitus
1268 2232 1427 2315 virginem

254 2339 289 2400 in
304 2335 545 2399 matrimonium
563 2335 663 2398 ducit.
709 2335 853 2400 Domum
870 2345 978 2400 autem
1011 2346 1128 2422 postea
1150 2359 1306 2401 reversus
1330 2358 1428 2401 avum

256 2446 363 2531 capite
387 2444 507 2527 strigae
533 2441 664 2506 obtento
689 2444 721 2505 in
747 2465 863 2506 saxum
887 2445 993 2506 vertit.

344 2551 415 2615 Iam
438 2573 517 2614 vero
545 2549 747 2613 Hartlandus
772 2550 812 2613 de
837 2553 1010 2615 tenacitate
1035 2549 1219 2615 fabularum
1243 2551 1426 2636 vulgarium

256 2659 437 2725 admonens
462 2659 681 2723 narrationem
715 2656 803 2722 illam
840 2682 900 2744 per
933 2658 1007 2744 plus
1044 2659 1108 2722 duo
1144 2659 1232 2724 milia
1267 2682 1435 2723 annorum·

255 2775 482 2832 conservatam
519 2764 561 2829 ad
595 2768 737 2851 priscam
774 2767 999 2852 antiquitatem
1034 2766 1141 2829 redire
1178 2768 1339 2851 opinatur.
1386 2768 1431 2831 At

255 2878 364 2962 ipsum
398 2872 494 2954 illud,
531 2872 619 2956 quod
653 2872 736 2936 baec
771 2875 914 2937 narratio
949 2897 1015 2937 non
1051 2897 1069 2937 e
1100 2873 1255 2955 Graecia,
1292 2874 1352 2938 sed
1389 2897 1430 2938 ex

256 2982 387 3046 Etruria
425 2981 553 3067 prodita
589 3003 663 3043 cum
692 2990 804 3045 vetere
830 2983 940 3044 Persei
975 2980 1087 3045 fabula
1122 2983 1236 3044 mirum
1274 2992 1430 3065 quantum

258 3090 417 3172 concinit,
458 3092 529 3153 eius
567 3090 747 3153 sententiae
782 3098 953 3173 repugnat.
1017 3088 1132 3167 Qtialis
1176 3110 1359 3153 consensus
1398 3091 1432 3153 in

257 3220 442 3282 neograeca
480 3196 593 3261 fabula
631 3198 783 3260 inventus
822 3195 951 3259 facilius
991 3194 1244 3279 intellegeretur.
1306 3197 1430 3260 Verum

258 3315 366 3369 tamen
393 3306 464 3390 ipsa
491 3307 525 3368 in
551 3303 607 3368 illa
635 3303 746 3368 fabula
773 3325 957 3388 neograeca
985 3326 1082 3389 quam
1113 3302 1315 3367 Hartlandus
1345 3326 1439 3367 com--

258 3414 391 3498 parat,2)
432 3434 540 3498 neque
577 3412 618 3475 de
655 3412 762 3496 capite
802 3413 924 3495 strigae
963 3409 1129 3475 afferendo
1165 3433 1227 3474 nec
1263 3411 1304 3475 de
1345 3432 1431 3496 equo

258 3520 343 3584 alato
366 3518 433 3583 ulla
455 3523 577 3584 mentio
601 3520 646 3584 fit.
686 3519 829 3584 Maxime
854 3529 962 3583 autem
988 3521 1017 3582 ei
1041 3518 1122 3582 illud
1147 3521 1346 3583 contrarium
1370 3530 1430 3599 est,

259 3626 347 3713 quod
370 3631 403 3691 in
427 3627 540 3692 fabula
556 3627 612 3695 illa
627 3629 756 3691 iuvenis
774 3649 894 3713 equum
919 3626 1037 3708 alitem,
1064 3649 1127 3711 quo
1153 3630 1224 3691 siue
1249 3625 1348 3690 dnbio
1372 3626 1431 3689 Pe·

258 3736 330 3820 gasi
354 3737 435 3799 ratio
459 3735 613 3818 habetur,
649 3738 714 3799 iam
738 3744 813 3798 ante
839 3734 959 3818 strigae
984 3734 1120 3798 eaedem
1145 3733 1302 3820 possidet.
1349 3734 1432 3796 Nam

259 3843 321 3907 hoe
341 3844 448 3929 ipsum
465 3843 505 3907 ab
523 3844 724 3928 antiquitatis
741 3840 853 3905 fabula
876 3864 1011 3926 prorsus
1036 3840 1198 3905 abhorret.
1234 3841 1344 3921 Quare
1368 3862 1433 3903 non

260 3949 394 4014 dubium
420 3959 478 4033 est,
505 3952 583 4036 quin
606 3959 642 4013 ut
665 3948 747 4013 aliae
772 3951 816 4013 ita
839 3946 894 4012 illa
916 3951 1059 4012 narratio
1084 3958 1154 4012 orta
1178 3951 1220 4011 sit
1243 3970 1261 4011 e
1285 3957 1433 4012 veterum

259 4056 372 4123 fabula
395 4067 500 4121 aetate
523 4059 648 4121 recenti
672 4067 815 4149 renata
843 4054 940 4135 Quod
968 4058 1075 4139 ipsum
1101 4055 1142 4119 ad
1167 4055 1357 4120 Boccatium
1380 4053 1434 4117 vel

261 4163 400 4230 similem
424 4174 591 4230 auctorem
614 4164 838 4228 revocandum
863 4186 938 4227 esse
962 4164 1102 4228 ridetur.

351 4346 372 4415 ¹)
391 4344 451 4398 Hoc
475 4361 539 4397 cum
563 4342 685 4397 dracone
709 4343 794 4396 antea
812 4341 842 4393 in
866 4359 963 4395 saxum
988 4358 1124 4394 converso
1146 4340 1261 4393 minime
1285 4338 1435 4394 convenire

259 4438 373 4595 Vldael)
394 4526 420 4582 J.
441 4525 473 4585 G.
493 4544 519 4583 v.
540 4523 631 4594 Hahn,
662 4522 774 4582 Griech,
803 4522 862 4577 und
886 4522 984 4579 alban.
1004 4521 1126 4578 Maerch.
1156 4520 1247 4591 (1864)
1272 4520 1301 4575 Π
1327 4520 1439 4591 P·114·

262 4637 289 4692 p.
309 4618 371 4677 310.
