3334 5042
666 447 886 514 ..25-

196 642 353 727 vaginam,
377 644 487 708 dextra
510 642 646 710 demissa
670 645 812 730 gladium
838 651 924 710 tenet
947 645 1038 729 quasi
1060 644 1102 710 ad
1124 643 1300 709 feriendum
1322 663 1356 708 se

196 754 336 833 pararet,
372 750 478 814 subito
506 755 614 815 tamen
642 749 828 817 subsisteret
862 750 964 836 capite
998 751 1095 835 paulo
1122 752 1266 817 demisso.
1316 749 1356 814 In

197 856 306 920 dextra
329 861 394 920 stat
410 855 587 936 Diomedes,
612 857 791 924 Palladium
814 858 928 937 ferens,
953 861 1043 943 cujus
1058 860 1163 944 figura
1178 860 1217 924 ad
1233 862 1357 941 statuae

196 967 309 1047 typum
332 962 438 1029 efficta
461 968 518 1030 est.
542 999 585 1010 -
609 964 774 1030 Vulnerati
798 963 986 1030 Philoctetis
1008 966 1110 1050 figura
1138 965 1224 1030 haud
1246 963 1355 1049 procul

196 1069 395 1153 conspicitur.

284 1280 433 1368 Magnam
456 1304 528 1348 cum
550 1282 610 1348 hoc
632 1285 812 1370 anaglypho
835 1285 1077 1351 similitudinem
1098 1287 1229 1371 praebet

451 1443 501 1506 21.
537 1443 679 1507 Lucerna
692 1445 799 1532 fictilis
820 1444 1099 1510 masuSaloaeaais.

478 1565 660 1635 Archaol.·ep.
679 1565 781 1621 Mitteil.
800 1583 849 1621 aus
868 1565 953 1622 Oster.
973 1566 1070 1622 11140.

284 1691 384 1757 Vlixis
416 1693 521 1778 figura
554 1694 646 1777 plane
681 1714 754 1757 cum
786 1693 961 1778 anaglyphi
994 1695 1139 1777 congruit
1176 1694 1236 1758 nisi
1271 1693 1355 1779 quod

194 1796 326 1863 barbam
341 1799 433 1865 laeva
448 1801 591 1885 corripit;
616 1798 785 1889 Diomedes
807 1821 1001 1885 quamquam
1023 1823 1042 1865 a
1056 1807 1147 1888 tergo
1164 1800 1356 1885 conspicitur

198 1925 270 1968 cum
306 1910 429 1971 statuae
463 1913 541 1993 typo
576 1886 720 1972 concinit
769 1900 837 1971 Etsi
872 1913 979 1973 autem
1013 1907 1202 1986 Palladium,
1228 1942 1265 1954 -
1291 1908 1356 1971 sive

195 1998 326 2096 Tjdidis
356 2013 505 2078 bracchio
532 2020 564 2079 et
591 2012 757 2098 chlamyde
784 2015 964 2079 occultatur
999 2016 1064 2080 sire
1093 2036 1198 2081 errore
1226 2014 1356 2079 artificis

194 2117 390 2202 neglectum
409 2125 472 2198 est,
501 2157 545 2166 -
575 2120 785 2197 desideratur,
823 2120 964 2186 Kleinius
1006 2122 1185 2186 laudandus
1220 2128 1267 2187 est
1302 2122 1357 2204 qui

193 2224 274 2289 hanc
297 2229 623 2309 repraesentationem
646 2228 686 2292 ad
710 2227 846 2292 Palladii
871 2234 984 2313 raptus
1008 2228 1154 2293 fabulam
1176 2224 1358 2293 retulerit.⁵

282 2331 401 2417 Itaque
424 2341 456 2399 et
478 2336 511 2397 in
533 2334 595 2398 hac
617 2334 746 2399 lucerna
769 2340 801 2400 et
822 2336 857 2400 in
878 2334 1065 2420 anaglypho
1088 2340 1186 2399 antea
1201 2334 1357 2419 descripto

195 2438 306 2503 heroes
330 2460 387 2523 per
410 2461 558 2525 campum
581 2442 619 2506 ad
644 2446 749 2506 castra
765 2439 961 2507 Graecorum
975 2442 1142 2507 redeuntes
1158 2440 1355 2506 exhibentur.

193 2546 337 2610 Vidimus
364 2547 448 2612 idem
476 2549 611 2614 actionis
634 2553 830 2613 momentum
849 2550 920 2632 jam
941 2550 975 2613 in
999 2549 1126 2615 vasculo
1149 2570 1229 2615 saec.
1253 2546 1355 2613 Illa

194 2651 269 2718 Chr.
292 2674 323 2717 n.
348 2674 530 2739 expressum
552 2652 613 2741 (9).
660 2654 743 2732 Quid
770 2677 845 2720 vero
873 2656 907 2719 in
936 2656 986 2721 his
1008 2656 1376 2741 repraesentationibus·

70 2838 73 2841 ,
192 2757 301 2824 heroes
324 2764 424 2846 agant
448 2761 626 2826 accuratius
651 2762 834 2827 definiemus
861 2783 934 2828 cum
960 2763 1151 2848 scriptorum
1176 2761 1356 2827 testimonia

193 2867 486 2934 examinaverimus.

465 3064 521 3127 22.
553 3064 768 3152 Anaplppdam
791 3065 972 3152 aurcoptcpi
994 3066 1091 3152 Dycii.
1292 3146 1294 3149 Ι

349 3184 450 3241 Mitteil.
468 3185 494 3242 d.
507 3186 597 3242 athen.
615 3186 680 3244 Inst.
700 3187 769 3242 1877
787 3191 806 3242 t.
825 3187 870 3242 Xl.
907 3187 1015 3256 Robert,
1034 3186 1110 3247 Sarlr.
1129 3190 1149 3243 t.
1168 3188 1197 3244 L.

279 3311 367 3396 Opus
391 3319 438 3379 est
460 3314 577 3379 saeculi
601 3315 728 3379 secundi
753 3315 903 3380 exeuntis.

279 3419 399 3485 Heroas
428 3421 467 3484 ad
495 3421 640 3486 dextram
662 3422 849 3506 laevamque
873 3421 1039 3487 discedunt
1061 3421 1156 3487 simili
1179 3420 1243 3486 fere
1266 3426 1354 3485 motu

192 3525 403 3591 admiratione
437 3533 468 3592 et
495 3532 613 3592 terrore
648 3528 796 3612 perculsi.
842 3527 1019 3611 Vtriusque
1047 3529 1131 3594 oculi
1153 3529 1186 3592 in
1210 3526 1355 3592 Palladio

191 3631 285 3697 defixi
323 3640 410 3712 sunt,
451 3635 536 3717 quod
573 3657 592 3698 a
635 3634 789 3699 Diomede
827 3633 861 3699 in
898 3656 996 3699 manu
1037 3636 1162 3699 sinistra
1199 3639 1354 3717 portatur.

191 3737 397 3804 Manifestum
424 3746 472 3805 est
504 3741 641 3806 subitam
663 3741 794 3807 heroum
821 3742 1064 3807 admirationem
1092 3743 1162 3825 ipso
1184 3741 1362 3806 simulacro

191 3851 310 3910 motam
333 3868 409 3926 esse,
434 3848 518 3931 quod
544 3848 671 3931 quidem
696 3855 891 3914 momentum
903 3851 968 3933 jam
985 3849 1019 3913 in
1034 3850 1164 3914 vasculo
1181 3847 1355 3913 Tarentino

191 3953 318 4017 comicis
340 3953 450 4039 figuris
474 3961 587 4019 ornato
617 3955 687 4038 (10)
712 3978 891 4041 expressum
919 3957 1063 4020 vidimus.
1109 3954 1235 4020 Accidit
1257 3955 1356 4037 igitur

189 4058 310 4144 aliquid
334 4082 397 4143 quo
420 4061 508 4125 allati
531 4062 644 4127 heroas
667 4063 773 4127 subito
795 4064 902 4128 oculos
925 4064 959 4128 in
982 4062 1166 4128 Palladium
1189 4066 1354 4127 converte·

189 4171 275 4231 runt.
291 4203 334 4212 —
358 4165 461 4232 Vlixis
476 4168 582 4254 figura
605 4167 671 4233 fere
693 4171 727 4234 in
743 4171 891 4235 omnibus
914 4191 987 4236 cum
1008 4171 1190 4256 anaglypho
1206 4168 1354 4253 Spadano

190 4274 351 4355 congruit,
380 4296 438 4339 nec
465 4276 596 4340 dubium
619 4281 666 4341 est
689 4279 765 4361 quin
791 4298 811 4343 a
832 4277 998 4346 notissimo
1021 4278 1161 4366 quodam
1183 4274 1355 4364 archetypo
