3334 5042
777 398 996 462 ,62-

328 593 412 658 enim
435 593 589 658 unanimo
605 593 798 677 scriptorum
822 596 921 676 atque
938 592 1015 656 artis
1031 595 1310 655 monumentorum
1333 612 1487 655 consensu

329 700 422 764 deam
445 702 584 764 stantem
607 697 790 776 exhibebat,
827 703 860 763 et
894 699 1059 763 Iliensium
1093 718 1221 783 quoque
1248 699 1374 783 signum
1402 703 1487 762 stans

328 804 471 870 effictum
494 825 560 870 esse
584 805 721 869 nummis
749 806 971 889 comprobatur
999 804 1076 889 (vid.
1098 827 1130 888 p.
1156 801 1220 888 13).
1267 804 1346 868 Cum
1379 809 1487 869 tamen

328 911 458 976 Homeri
480 913 577 976 verba
599 906 697 972 δεῖναι
712 910 755 976 Ἀ.
777 906 825 972 ἐπὶ
847 909 985 992 γούνασιν
1008 912 1100 976 valde
1123 914 1163 975 ab
1187 911 1247 976 hoc
1269 912 1486 986 abhorrerent,

329 1019 414 1083 haud
438 1017 571 1083 dubium
594 1018 673 1081 mihi
695 1018 820 1082 videtur
843 1019 920 1102 quin
944 1019 1018 1083 inde
1035 1025 1125 1083 ortae
1148 1020 1213 1083 sint
1234 1020 1313 1086 istae
1328 1039 1489 1104 gramma·

328 1126 464 1189 ticorum
480 1124 706 1209 explicationes
723 1125 777 1206 qui
789 1129 905 1208 poetae
919 1125 1018 1190 verba
1040 1127 1211 1189 adstantis
1234 1124 1370 1209 effigiem
1392 1127 1490 1208 signi·

333 1231 490 1295 ficandam
525 1218 727 1295 detorserunt
761 1228 837 1313 (vid.
873 1230 969 1295 schol.
993 1231 1032 1296 Il.
1056 1231 1104 1296 VI
1123 1231 1165 1294 92
1190 1235 1223 1296 et
1247 1231 1321 1310 303,
1346 1233 1434 1296 Eust.
1457 1255 1488 1316 p.

330 1337 420 1419 627).
465 1332 513 1402 Ad
538 1357 591 1402 eas
606 1338 735 1402 Ilienses
751 1342 835 1402 certe
858 1338 1040 1422 confugisse
1064 1339 1200 1403 everbis
1217 1337 1380 1403 Strabonis
1404 1361 1487 1404 com-

331 1445 471 1526 perimus
494 1441 539 1528 (p.
564 1444 653 1523 601),
678 1445 733 1528 qui
755 1450 842 1509 recto
864 1445 981 1529 judicio
1005 1466 1080 1509 usus
1102 1444 1181 1508 talia
1204 1444 1329 1510 refellit.
1389 1496 1392 1505 .

418 1549 478 1614 Sed
494 1551 593 1615 etiam
609 1551 670 1615 hoc
688 1551 824 1616 alterum
838 1553 1007 1616 discrimen
1020 1552 1249 1626 intercedebat,
1266 1551 1352 1635 quod
1367 1550 1489 1615 »Parla-

330 1655 436 1720 dium‹
462 1679 587 1740 semper
620 1662 779 1722 armatum
812 1657 1000 1743 hastamque
1034 1659 1162 1722 vibrans
1197 1658 1420 1742 effingebatur,
1456 1658 1489 1722 in

330 1761 429 1827 lliade
452 1767 559 1827 autem
583 1785 654 1827 cum
677 1764 706 1828 ei
729 1766 841 1848 peplus
865 1765 906 1829 ab
931 1765 1064 1829 Hecuba
1086 1764 1235 1828 offeratur
1259 1764 1387 1828 Athena
1404 1766 1490 1847 paci-

330 1869 389 1933 fica
404 1870 510 1953 potius
525 1892 560 1933 ac
575 1868 785 1934 femineorum
801 1893 932 1936 onerum
947 1877 1083 1956 patrona
1098 1872 1206 1955 putari
1219 1870 1352 1935 videtur.
1383 1870 1490 1953 Atque

329 1975 418 2039 nulla
441 1975 503 2040 alia
527 1996 621 2038 causa
637 1977 698 2040 nisi
713 1981 751 2040 ut
767 1977 853 2042 illam
870 1978 1086 2043 diversitatem
1108 1982 1336 2061 componerent
1358 1977 1492 2041 Ilienses

329 2083 443 2146 mirum
467 2082 554 2147 istud
577 2081 737 2147 Minervae
760 2085 966 2148 simulacrum
989 2084 1131 2150 effecisse
1154 2090 1242 2168 puto,
1259 2084 1343 2168 quod
1358 2085 1392 2147 in
1407 2084 1490 2165 ipso-

330 2210 402 2254 rum
417 2188 555 2252 nummis
577 2190 652 2254 inde
674 2211 693 2253 a
715 2210 796 2253 saec.
820 2189 852 2255 ll
876 2212 906 2254 a,
924 2190 994 2256 chr.
1010 2215 1041 2257 n.
1064 2189 1107 2275 (p.
1124 2189 1178 2275 13)
1202 2190 1383 2266 exhibetur3
1406 2191 1489 2274 qnod

333 2296 538 2360 simulacrum
560 2294 634 2380 polo
651 2301 798 2360 ornatum
823 2302 872 2361 est
888 2302 984 2381 atquc
999 2298 1115 2362 dextra
1129 2320 1226 2362 manu
1241 2297 1377 2374 hastam,
1402 2297 1492 2361 laeva

331 2400 436 2466 fusum
460 2406 554 2466 tenet.

419 2577 556 2643 Palladii
585 2580 748 2645 Iliensium
783 2582 975 2646 mentionem
1011 2583 1132 2647 faciunt
1155 2582 1298 2666 plerique
1320 2582 1491 2664 scriptores

333 2686 388 2768 qui
412 2683 494 2749 Novi
518 2685 569 2749 Ilii
593 2688 862 2771 expugnationem
885 2711 913 2751 a.
932 2689 973 2752 85
996 2688 1151 2773 flagrante
1175 2690 1258 2754 bello
1274 2687 1491 2752 Mithridatico

332 2811 352 2855 a
381 2789 524 2856 Fimbria
553 2790 671 2856 factam
702 2793 845 2858 referunt
855 2789 887 2870 ¹).
937 2795 1024 2858 Livii
1048 2796 1186 2879 primum
1218 2795 1408 2859 narrationis
1437 2793 1490 2876 (cl.

332 2898 470 2980 perioch.
495 2898 517 2964 l.
541 2898 597 2979 83)
620 2903 770 2983 excerpta
792 2901 879 2983 apud
902 2900 1022 2965 dulium
1048 2901 1283 2985 Obsequentem
1311 2899 1369 2986 (56
1391 2899 1491 2985 Jahn)

332 3009 364 3068 et
398 3004 616 3088 Augustinum
647 3004 700 3091 (de
724 3007 782 3072 civ.
807 3006 869 3070 Dei
899 3004 1003 3091 1117)
1028 3012 1164 3072 exstant.
1215 3005 1350 3071 Videtur
1384 3006 1491 3072 Livius

334 3110 511 3177 Palladium
551 3114 679 3195 proprio
720 3113 849 3177 nomine
889 3135 953 3177 non
988 3115 1175 3198 appellasse,
1216 3135 1286 3178 cum
1323 3113 1388 3180 Jul.
1417 3113 1490 3178 Obs.

336 3221 559 3283 »simulacrum
598 3221 895 3303 antiquissimum,
936 3217 1135 3302 Augustinus
1176 3219 1358 3284 »Minervae
1396 3222 1492 3285 simu·

333 3326 471 3391 lacrum«
508 3328 635 3390 tantum
664 3326 781 3391 dicant.
830 3324 892 3390 sed
917 3326 981 3408 jam
1006 3325 1086 3390 Julii
1114 3327 1210 3391 verba
1233 3347 1372 3410 appono:
1411 3327 1491 3391 »Ilio

332 3430 408 3496 ac.
431 3431 571 3497 Fimbria
598 3433 726 3498 incenso
751 3455 821 3496 cum
846 3433 937 3496 aedes
960 3454 1086 3517 quoque
1108 3431 1268 3497 Minervae
1292 3433 1489 3519 deflagraret,

332 3541 418 3604 inter
434 3540 543 3603 ruinas
559 3540 761 3604 simulacrum
777 3540 1030 3623 antiquissimum
1046 3540 1232 3605 inviolatum
1248 3530 1339 3603 stetit
1355 3563 1492 3626 operaque

332 3646 524 3710 restdctioais
547 3646 657 3732 oppido
673 3646 857 3731 portendit«
895 3646 1091 3722 Quibuscum
1113 3647 1208 3730 plane
1231 3649 1393 3711 consentit
1412 3647 1490 3711 alter

334 3752 389 3835 qui
407 3754 529 3817 exstitit
545 3757 654 3816 auctor
669 3752 830 3838 Appianas
843 3750 887 3836 (p.
897 3752 970 3830 669,
982 3749 1161 3837 53Bckk.):
1180 3750 1229 3814 ιιιι1
1239 3750 1393 3814 οἰκόπεδον
1404 3751 1492 3815 οὐδὲν

334 3856 429 3946 αὐτῆς
450 3859 504 3942 (sc.
521 3853 611 3942 Ἰλίου)
628 3856 691 3920 οὐδ’
716 3858 795 3943 ἱερὸν
818 3856 881 3919 οὐδ’
907 3855 1026 3941 dmiccc
1049 3853 1092 3919 ἔτι
1114 3856 1164 3946 ἧν·
1190 3855 1223 3918 τὸ
1246 3857 1281 3921 δὲ
1298 3856 1495 3945 τῆςἈδηνᾶς

334 3962 410 4039 ἕδος,
438 3965 455 4027 11
479 3962 648 4028 Παλλάδιον
674 3963 793 4027 καλοῦσι
825 3964 876 4025 rai
903 3962 1039 4031 διοπετὲς
1062 3964 1218 4051 ἡγοῦνται,
1247 3963 1395 4045 νομίζουσι’
1421 3986 1495 4039 τινες

334 4069 496 4159 εὑρεθῆναι
524 4070 591 4133 τότε
625 4067 807 4157 ἄθραυστον,
841 4073 900 4132 τῶν
934 4068 1134 4132 ἐπιπεσόντων
1164 4066 1287 4155 τειχέων
1315 4069 1389 4133 αὐτὸ
1414 4092 1491 4156 περι·

404 4231 426 4300 ¹)
447 4229 502 4285 vid.
520 4227 654 4295 Hauhold,
672 4227 688 4281 l.
708 4245 731 4283 c.
749 4230 792 4283 39.
