3334 5042
790 455 1011 519 ..24-

321 651 419 734 galee,
443 652 643 736 perspicuum
665 655 722 716 est.
769 650 817 714 Ex
840 652 936 734 hujus
958 650 1071 735 templi
1086 649 1184 714 valvis
1206 649 1325 734 apertis
1344 652 1481 735 erumpit

320 759 421 843 gradu
455 760 551 824 citato
576 757 694 836 Vlixes,
731 759 874 822 exomide
908 763 941 823 et
974 756 1140 840 chlamyde
1174 757 1319 835 vestitus,
1354 757 1481 822 sinistra

320 871 468 949 protenta
496 866 645 951 vaginam
677 870 790 929 tenens
818 885 858 929 ex
886 885 949 947 qua
981 863 1121 946 gladium
1149 862 1261 928 dextra
1283 865 1414 928 educere
1435 865 1482 927 vi·

322 971 427 1037 detur.
474 970 608 1036 Vultum
642 972 743 1035 iratus
777 971 816 1036 ad
851 970 1037 1035 Diomedem
1070 970 1166 1033 vertit
1200 970 1256 1055 qui
1289 972 1324 1035 in
1355 970 1481 1035 sinistra

320 1083 394 1143 ante
418 1079 573 1163 templum
601 1076 724 1161 placide
746 1082 822 1142 stat.
869 1076 947 1160 Ejus
980 1078 1082 1161 figura
1116 1078 1350 1143 accuratissime
1384 1075 1481 1140 refert

320 1189 432 1269 typum
457 1189 584 1250 statuae
607 1183 804 1248 Monacensis
819 1179 881 1270 (4)
928 1181 997 1258 Qua
1021 1206 1054 1247 re
1070 1189 1176 1248 motus
1192 1182 1482 1249 Michaelisiussine

320 1289 419 1356 dubio
431 1295 517 1356 recte
525 1291 681 1375 judicavit
693 1289 1063 1379 DiomedemPalladium
1075 1291 1203 1354 sinistro
1215 1290 1363 1356 bracchio
1374 1293 1481 1373 porta·

319 1398 411 1462 visse.
446 1395 583 1463 Videtur
600 1399 697 1463 etiam
705 1396 806 1462 Vlixis
817 1396 925 1481 figura
939 1397 979 1460 ad
993 1408 1105 1460 notum
1118 1397 1196 1459 artis
1208 1396 1357 1480 plasticae
1368 1401 1481 1480 typum
1579 1422 1581 1425 ·
1644 1384 1653 1405 ⁸

319 1525 467 1589 expressa
482 1525 557 1582 esse,
576 1526 648 1569 nam
667 1504 807 1569 occurrit
823 1502 919 1567 simili
934 1501 1000 1567 iere
1019 1508 1107 1566 motu
1124 1506 1158 1567 et
1173 1501 1284 1568 habitu
1295 1503 1327 1565 in
1340 1502 1481 1585 complu·

318 1611 408 1676 ribus
431 1611 658 1687 monumentis,
680 1611 766 1675 inter
789 1632 871 1695 quae
890 1610 1018 1693 signum
1034 1614 1083 1673 est
1097 1630 1231 1674 aeneum
1249 1607 1348 1672 musei
1360 1608 1482 1673 Vindo-

321 1718 468 1783 bonensis
506 1715 636 1802 (Olarac
669 1716 718 1781 Pl.
747 1717 821 1795 832,
851 1716 995 1800 2089).)
1029 1753 1073 1761 -
1108 1716 1338 1800 Argumentum
1376 1719 1483 1778 autem

319 1822 492 1910 anaglyphi
530 1823 591 1888 hoc
629 1844 694 1888 esse
727 1823 867 1888 videtur:
918 1823 1084 1887 Diomedes
1128 1824 1216 1906 prior
1256 1823 1290 1885 in
1327 1820 1482 1904 templum

321 1929 484 1996 Minervae
507 1930 686 2013 penetravit
708 1934 804 2014 atque
825 1931 951 2017 signum
975 1908 1119 1996 abstulit.
1157 1927 1275 2007 Vlixes,
1301 1912 1483 2013 quin-ascio

321 2057 387 2120 qua
409 2059 444 2102 re
459 2034 608 2101 obstante
631 2040 773 2100 retentus
802 2042 884 2113 erat,
913 2044 1079 2122 postquam
1104 2036 1277 2103 Palladium
1302 2036 1335 2099 in
1363 2033 1483 2117 templo

322 2142 442 2208 frustra
464 2142 633 2228 quaesivit,
660 2163 745 2207 nunc
779 2143 826 2208 ira
849 2142 980 2208 effertur
1010 2166 1081 2209 cum
1105 2146 1251 2209 comitem
1279 2142 1482 2207 simulacrum

323 2253 487 2314 tenentem
521 2250 642 2333 aspicit.
700 2248 798 2314 Vides
825 2255 1021 2314 momentum
1049 2251 1189 2316 effictum
1218 2249 1284 2313 iere
1309 2247 1394 2312 idem
1417 2267 1484 2312 esse

321 2362 417 2441 atque
441 2357 474 2419 in
500 2357 656 2441 amphora
677 2356 736 2420 sub
759 2354 850 2421 noh
874 2362 1128 2422 commemorata.

411 2461 516 2528 Etiam
537 2463 572 2526 in
595 2468 685 2547 pasta
700 2464 833 2546 antiqua
856 2464 1177 2548 repraesentationem
1192 2462 1276 2526 illius
1291 2461 1484 2525 simillimam

322 2569 466 2634 exhiberi
488 2568 646 2634 Braunius
670 2571 829 2655 cognovit,
847 2572 902 2654 qui
926 2592 994 2635 eam
1010 2570 1118 2648 edidit,
1139 2571 1178 2634 12
1196 2567 1313 2632 Basrel.
1330 2589 1361 2651 p.
1380 2562 1464 2650 12²).

409 2782 461 2846 Ad
484 2783 599 2848 saeculi
622 2781 658 2846 H
681 2789 803 2867 partem
827 2784 1033 2866 posteriorem
1056 2783 1195 2867 partinet

624 2960 679 3024 20.
715 2962 930 3049 Aaaytypdum
951 2972 1185 3026 marnrorateam

446 3099 473 3154 in
495 3099 617 3169 sepulcro
636 3100 694 3155 viae
712 3100 822 3156 Latinae
841 3105 983 3171 repertum.
1006 3100 1075 3156 Mon.
1096 3100 1121 3155 d.
1140 3100 1204 3154 lnst
1224 3099 1259 3154 Vl
1278 3101 1311 3156 51
1330 3100 1362 3157 D.

411 3246 500 3310 Duae
533 3246 653 3329 figurae
686 3246 878 3311 ornamentis
911 3245 1163 3311 architectoniam
1197 3245 1372 3329 disjunctae
1400 3254 1483 3324 suut,

324 3374 402 3437 quas
428 3352 463 3416 in
486 3353 660 3438 archetypo
684 3353 841 3418 artissime
869 3353 1053 3436 conjunctas
1086 3353 1181 3438 fuisse
1215 3359 1358 3439 apparet.
1381 3391 1425 3400 —
1449 3352 1485 3417 In

322 3460 453 3524 sinistra
493 3459 602 3525 Vlixes
636 3460 801 3543 aspicitur,
853 3462 957 3525 nudus
1001 3466 1032 3526 et
1065 3461 1149 3545 pileo
1185 3468 1323 3526 ornatus.
1382 3459 1485 3527 Laeva

397 3663 417 3732 ¹)
435 3662 465 3718 ln
483 3662 575 3717 tabula
592 3661 673 3716 lliaoa
691 3662 760 3730 (18),
780 3662 807 3717 in
827 3665 996 3735 sarcophago
1014 3664 1097 3737 Lycio
1120 3663 1182 3731 (vid.
1201 3661 1272 3716 infra
1290 3663 1343 3730 22),
1367 3662 1394 3716 in
1417 3678 1484 3717 saro.

325 3750 457 3806 Achillem
486 3750 561 3823 Scyri
580 3751 723 3806 exhibente
746 3751 867 3820 (Robert,
896 3753 970 3808 Sark.
990 3757 1009 3807 t.
1030 3753 1078 3806 XX
1097 3753 1150 3821 39).
1192 3750 1284 3805 Vtrum
1311 3751 1345 3805 ad
1372 3750 1484 3807 Palladii

324 3843 430 3910 raptum
457 3839 654 3909 exprimendum
683 3843 787 3895 oreatus
815 3841 850 3895 sit
876 3845 956 3914 typus
981 3841 1028 3897 ille
1060 3859 1094 3896 an
1123 3840 1229 3895 aliunde
1257 3839 1362 3894 fluxerit
1385 3842 1484 3896 nescio.

324 3927 390 3984 (ium
409 3928 546 3984 Diomedis
571 3928 647 3999 signo
665 3927 825 3984 Monacense
849 3934 920 3986 certe
943 3945 1029 4000 neque
1052 3929 1155 3998 signum
1174 3928 1379 3983 vindobonense
1404 3946 1486 3999 supra

325 4020 559 4073 commemoratum
578 4032 665 4087 neque
684 4016 842 4073 Venetiense
861 4018 966 4085 (Clarae
984 4019 1044 4084 831,
1063 4017 1144 4084 2088)
1163 4017 1287 4087 conjungi
1306 4021 1426 4087 possunt.

396 4106 418 4174 ⁹)
436 4105 469 4161 In
487 4110 568 4176 pasta
585 4106 657 4161 illius
676 4106 823 4173 simillima,
843 4123 923 4177 quam
941 4105 1023 4160 Milliu
1042 4106 1067 4160 ll
1085 4107 1102 4160 5
1120 4105 1209 4170 edidit,
1236 4104 1352 4160 fortasse
1371 4106 1485 4161 deliaca

322 4195 389 4250 toris
406 4210 496 4250 errore
516 4194 618 4250 iactum
647 4198 688 4250 est
710 4197 739 4249 ut
767 4195 869 4263 mulier,
889 4211 941 4250 non
962 4194 1061 4263 Vlixes,
1080 4211 1095 4250 e
1114 4192 1215 4249 loribus
1233 4193 1325 4264 templi
1344 4211 1485 4266 erumpens

323 4283 477 4353 aspiciatur.
