3334 5042
798 265 842 334 37

714 358 929 369 -—-——-—-——¹

233 469 407 556 opinantur
432 488 516 556 quae
540 465 659 533 Suidas
684 490 710 531 s,
734 489 765 533 v.
790 471 937 536 Μέδουσα
960 462 1093 552 profert.
1104 464 1127 551 ¹)
1183 464 1277 530 Haec
1299 474 1409 530 tamen

230 577 335 664 primo
359 598 379 641 a
402 573 546 640 Malalc
580 574 751 640 traduntur
775 572 844 658 (lib.
869 572 903 637 II
927 597 958 660 p.
984 573 1037 655 36,
1062 574 1103 637 21
1133 596 1182 660 sq.
1215 571 1265 638 ed.
1291 571 1409 659 Bonn)

233 684 299 764 Qui
345 682 476 770 quidem
522 693 633 747 narrat
671 681 830 745 Perseum
869 680 1035 765 Gorgonis
1082 683 1188 767 capite
1234 681 1268 744 in
1307 679 1411 767 Libya

231 790 362 856 absciso
397 799 495 876 atque
520 788 732 854 Andromeda
766 789 799 852 in
827 787 1003 873 Aethiopia
1036 785 1174 851 liberata
1201 789 1236 851 in
1260 783 1409 853 Ciliciam

233 898 381 962 venisse:
405 902 568 990 ἐρχόμενος
591 901 636 965 ἐπὶ
658 902 713 981 τὴν
732 899 881 986 Ἰσαορίαν
904 901 956 964 καὶ
978 900 1120 965 Κιλικίαν
1143 901 1195 964 καὶ
1218 899 1411 977 ἀντιστάσεις

233 1010 327 1075 αὐτοῦ
361 1010 511 1096 πολεμίων
549 1011 750 1095 ὑπομένοντος
782 1008 990 1095 ἐχρηματίσθη
1024 1015 1134 1083 ταῦτα,
1175 1007 1223 1072 ὅτι
1261 1007 1320 1072 ἀπὸ
1354 1017 1410 1073 τοῦ

235 1117 313 1181 ἰδίου
326 1116 413 1181 ἵππου
431 1115 552 1205 ἀποβὰς
563 1116 618 1179 τὸν
630 1116 683 1179 σὸν
695 1115 808 1201 ταρσὸν
820 1122 877 1178 τοῦ
890 1115 981 1189 ποδὸς
994 1114 1034 1190 εἰς
1044 1116 1099 1193 τὴν
1111 1113 1210 1201 χθόνα
1221 1114 1318 1196 πήξας
1329 1118 1411 1196 νίκην
1530 1131 1534 1139 ’

233 1224 349 1313 λάβοις.
365 1225 418 1289 καὶ
433 1222 595 1287 κατελθὼν
611 1223 646 1287 ἐκ
657 1229 713 1286 τοῦ
728 1221 806 1286 ἰδίου
830 1221 917 1285 ἵππου
932 1271 1028 1285 .....
1053 1216 1081 1280 Ε
1098 1239 1162 1303 quo
1179 1216 1252 1282 loco
1277 1219 1411 1305 quaein

234 1325 433 1392 Chronicum
455 1324 617 1390 Paschale
641 1323 760 1409 (toml
783 1348 814 1411 p.
839 1323 937 1406 71,16
955 1325 1030 1410 sq.),
1057 1347 1076 1388 a
1104 1318 1255 1389 Cedreno
1281 1325 1369 1411 (tom.
1395 1326 1410 1390 Ι

232 1457 264 1520 p.
282 1433 334 1510 40,
357 1434 395 1498 18
413 1434 487 1520 ομ),
513 1432 615 1497 Suida
632 1430 770 1518 aliisque
786 1440 1008 1517 transsumpta
1033 1441 1117 1508 suut,
1142 1432 1331 1497 exscribere
1356 1455 1409 1499 su·

235 1541 408 1629 persedeo.
454 1540 569 1625 Neque
594 1541 680 1605 enirn
705 1542 881 1626 quicquam
906 1541 981 1603 novi
998 1540 1176 1625 proferunt,
1202 1540 1290 1627 quod
1312 1538 1411 1605 ullius

233 1649 390 1713 momenti
413 1649 465 1712 sit.
513 1646 619 1727 Quem
655 1669 735 1712 vero
771 1649 804 1712 in
840 1657 1008 1711 auctorem
1032 1669 1072 1711 ea
1099 1647 1245 1723 redeant,
1283 1671 1367 1734 quae
1392 1671 1412 1712 a

232 1754 353 1821 Malala
392 1756 591 1841 accepimus,
629 1777 743 1841 parum
784 1763 920 1819 constat.
975 1755 1133 1819 Perseum
1170 1763 1277 1818 autem
1315 1755 1409 1819 Tarsi

234 1862 436 1928 conditorem
459 1860 592 1926 ductum
618 1884 692 1926 esse
723 1858 825 1926 multo
850 1872 925 1926 ante
954 1861 1093 1925 traditur
1115 1861 1236 1948 (Antip.
1260 1861 1410 1927 Thessal

234 1970 275 2037 A.
299 1970 335 2034 Ρ.
361 1969 407 2035 lX
434 1968 521 2053 557).
583 1966 777 2036 Commenta
804 1980 976 2055 praeterea
1012 1967 1131 2054 quibus
1167 1968 1263 2033 Tarsi
1290 1992 1412 2034 nomen

234 2099 307 2142 curn
342 2090 446 2168 ταρσῷ
482 2077 699 2160 coniungitur,
734 2077 799 2143 iarn
835 2085 987 2140 auctores
1023 2078 1140 2140 aetatis
1164 2073 1410 2141 Alexandrinae

234 2193 459 2249 narraverunt.
507 2182 572 2248 Ubi
607 2194 716 2247 tamen
750 2205 870 2248 nornen
894 2182 989 2247 Tarsi
1019 2204 1039 2246 a
1066 2180 1330 2271 Bellerophontis
1358 2183 1412 2249 vel

236 2292 366 2376 Pegasi,
390 2314 456 2355 non
473 2311 492 2352 a
508 2291 622 2355 Persei
639 2289 728 2355 calce
747 2290 880 2356 ductum
906 2311 980 2354 esse
998 2289 1159 2375 dicitnr)
1192 2289 1278 2370 Quin
1303 2300 1411 2356 autem

234 2399 331 2463 Tarsi
359 2420 479 2463 nomen
508 2420 583 2462 cum
612 2396 875 2484 Bellerophontis
911 2396 1023 2461 fabula
1046 2396 1138 2483 prius
1168 2420 1328 2462 conexum
1359 2401 1411 2480 sit,

235 2529 299 2571 non
325 2505 460 2570 dubium
485 2515 544 2569 est.
592 2506 674 2570 Nam
701 2506 729 2568 si
752 2506 844 2592 prius
869 2504 1023 2585 Perseus,
1056 2506 1110 2590 qui
1142 2503 1234 2568 urbis
1263 2506 1413 2570 conditor

235 2613 348 2691 fertur,
384 2612 525 2677 nominis
550 2622 664 2677 auctor
687 2611 794 2676 dictus
820 2621 919 2694 esset,
955 2610 1067 2675 fabula
1094 2612 1192 2676 Tarsi
1220 2635 1239 2677 a
1268 2612 1411 2679 Bellero·

235 2718 367 2807 phontis
393 2718 484 2784 calce
506 2722 694 2783 nominatae
729 2729 845 2806 postea
881 2720 952 2783 siue
988 2717 1086 2782 dubio
1110 2742 1176 2783 non
1208 2731 1278 2784 orta
1312 2732 1410 2787 esset.

234 2828 350 2914 Neque
386 2828 472 2891 enim
512 2825 783 2913 Bellerophontes
824 2847 968 2909 unquam
1012 2825 1102 2889 urbis
1137 2824 1224 2889 illius
1264 2828 1412 2892 conditor

236 2934 421 3023 putabatur.
467 2933 518 2997 Ac
542 2957 583 2998 ne
607 2935 647 2997 iis
678 2932 809 3020 quidem
839 2932 921 2996 locis
958 2932 1077 3018 quibus
1106 2956 1225 2997 nomen
1250 2934 1345 2998 Tarsi
1370 2937 1410 3000 ad

236 3042 386 3107 eiusdem
410 3039 463 3106 vel
479 3042 598 3126 Pegasi
623 3040 750 3105 calcem
766 3050 951 3121 revocatur,
977 3063 1051 3105 eum
1069 3039 1183 3105 urbem
1202 3044 1411 3106 constituisse

238 3150 364 3215 dicitur.
411 3149 442 3214 A
466 3149 587 3214 Perseo
612 3158 720 3213 antem
744 3171 864 3212 nomen
888 3157 1004 3235 postea
1027 3150 1129 3234 repeti
1151 3151 1265 3234 potuit,
1291 3151 1411 3237 quippe

225 3259 292 3345 'qui
317 3257 465 3322 conditor
480 3256 572 3321 urbis
593 3255 740 3320 ferretur.
773 3254 985 3319 Conditorem
1003 3258 1088 3319 enirn
1114 3257 1320 3341 potissimum
1338 3280 1411 3322 cum

237 3363 328 3428 urbis
352 3365 483 3428 nomine
501 3384 661 3428 conexum
678 3365 784 3450 putari
803 3365 832 3426 in
851 3372 1004 3450 promptu
1022 3373 1081 3427 est.
1114 3363 1159 3428 Ut
1182 3373 1290 3428 autern
1307 3363 1410 3429 Belle-

236 3471 414 3558 rophontes
430 3472 521 3558 prius
539 3493 613 3535 cum
630 3471 734 3536 Tarso
752 3474 1015 3555 coniungerem,
1039 3469 1095 3534 illa
1111 3492 1212 3536 causa
1227 3470 1297 3549 fuit,
1324 3472 1412 3558 quod

237 3581 300 3642 ium
337 3578 425 3665 apud
448 3560 629 3642 Homerum
665 3578 712 3657 (ll.
741 3578 788 3641 VI
812 3578 879 3641 200
895 3580 955 3663 sq.)
992 3600 1127 3664 campus
1155 3578 1331 3642 Tarsensis
1356 3581 1411 3666 qui

247 3690 361 3770 Αλήιον
388 3691 488 3753 πεδίον
512 3685 671 3768 dieitur-³),
708 3707 782 3748 cum
807 3683 1069 3771 Bellerophontis
1102 3684 1212 3750 fabula
1248 3684 1410 3752 cohaeret.

237 3778 523 3880 Bellerophontem
556 3802 666 3856 autem
699 3791 785 3855 hunc
809 3793 842 3855 in
868 3815 1018 3878 campum
1055 3791 1224 3879 delapsum
1259 3791 1411 3857 claudum

238 3922 314 3964 esse
330 3897 453 3964 factum
471 3899 648 3986 Euripides
665 3908 866 3964 narraverat.
899 3898 996 3978 Quod
1013 3897 1187 3963 manifesto
1204 3901 1236 3963 in
1253 3900 1411 3964 Perseum

238 4006 428 4072 translatum
455 4017 514 4087 est,
540 4009 567 4070 si
584 4006 672 4092 apud
689 4005 875 4071 Oedrenum
901 4007 1127 4092 scriptumest
1149 4006 1273 4071 Perseo
1298 4007 1411 4071 urbem

239 4114 444 4180 condendam
460 4115 572 4197 fuisse,
598 4117 674 4182 {rho
689 4119 723 4183 ἐκ
738 4126 792 4182 τοῦ
817 4119 904 4182 ἵππου
921 4118 1039 4206 ἀποβὰς
1061 4119 1114 4182 τὸν
1130 4120 1244 4205 ταρσὸν
1261 4119 1414 4201 ὀδυνηυῆς

332 4311 351 4374 ¹)
371 4308 432 4362 Duc
452 4309 486 4363 de
506 4308 624 4379 huynes,
645 4308 835 4378 Gaedechens,
856 4307 894 4361 M.
914 4307 1012 4376 Meyer
1031 4309 1059 4362 ll.
1079 4325 1118 4363 cc.

329 4398 350 4463 ²)
370 4397 420 4451 His
440 4397 475 4451 de
494 4396 607 4451 fabellis
626 4396 699 4450 infra
718 4397 877 4451 accuratius
897 4396 1048 4450 dicendum
1068 4401 1117 4451 est.

330 4488 350 4553 ³)
369 4487 421 4542 Hic
441 4504 555 4557 campus
574 4487 696 4557 primum
715 4487 790 4557 apud
809 4486 985 4541 Herodotum
1005 4486 1054 4553 (VI
1073 4486 1119 4558 95)
1144 4488 1249 4541 diserte
1268 4488 1296 4541 iu
1316 4487 1414 4543 Cilicia

240 4576 401 4633 collocatur.
