3334 5042
779 207 821 272 39

695 300 908 307 -——-—-—-

216 430 330 493 parum
354 407 531 493 perspicua
553 405 761 487 videbantur,
795 407 919 492 pariter
947 406 1049 471 verba
1083 408 1216 471 minime
1246 406 1389 473 dilucida

215 513 444 581 afferebantur.
1159 524 1160 527 ’

305 622 413 708 Atque
431 622 526 685 etiam
552 623 693 685 nummi
715 621 899 686 Tarsenses
915 622 1057 704 obstant,
1081 645 1122 686 ne
1141 625 1214 708 quis
1230 624 1388 688 Perseum

216 730 344 815 Pegaso
361 740 492 795 vectum
516 729 621 793 fnisse
645 740 745 815 putet.
777 729 861 793 Nam
885 753 927 794 ne
950 731 984 793 in
1007 751 1072 794 uno
1098 730 1228 816 quidem
1248 730 1389 795 Perseus

217 839 349 923 equitat,
375 837 435 901 sed
451 839 484 903 in
509 836 660 901 omnibus
677 846 728 900 est
750 839 860 923 pinnis
885 835 1043 903 talaribus
1068 836 1244 922 ornatus.¹)
1274 839 1389 924 Neque

217 943 325 1009 multis
350 945 442 1008 Ponti
467 946 620 1028 nummis,
640 966 777 1031 quorum
802 944 905 1009 altera
928 946 961 1008 in
984 954 1076 1031 parte
1100 947 1254 1021 Perseus,
1275 968 1391 1031 regum

183 1074 185 1078 ·
219 1053 424 1121 Ponticorum
441 1074 594 1136 proavus,
613 1051 715 1116 altera
727 1053 877 1137 Pegasus
895 1054 1106 1139 conspicitur,
1116 1052 1142 1133 ²)
1161 1052 1259 1117 ullum
1275 1054 1390 1117 Persei

217 1159 344 1243 Pegaso
369 1160 455 1225 vecti
479 1158 710 1223 documentum
734 1162 895 1224 contineri
918 1170 1062 1247 apparet.

251 1328 254 1334 ,
307 1284 400 1365 Quae
425 1308 498 1350 curn
523 1287 568 1348 ita
592 1288 665 1363 sint,
690 1285 913 1372 anaglyphum
941 1285 1073 1349 Melium
1098 1295 1131 1349 et
1154 1285 1266 1350 Ovidii
1296 1284 1391 1350 locus

218 1402 351 1466 restant.
400 1392 559 1473 Quaene
594 1394 837 1457 vetustissimae
873 1392 1005 1457 fabulae
1040 1392 1162 1457 indicia
1197 1393 1408 1474 iudicentur,

219 1502 327 1565 omnia
348 1499 404 1563 illa
428 1510 620 1585 argumenta
642 1511 835 1587 repugnant,
861 1500 979 1587 quibus
1004 1501 1163 1565 Perseum
1187 1503 1292 1587 primo
1317 1523 1391 1564 cum

218 1609 338 1692 Pegasi
361 1609 503 1692 origine«
522 1609 653 1673 omnino
677 1631 743 1672 non
780 1631 941 1672 conexum
965 1608 1069 1672 fuisse
1093 1607 1225 1695 planum
1250 1608 1391 1672 fecimus

220 1715 275 1799 (cf.
300 1738 330 1800 p.
357 1716 399 1779 23
425 1716 498 1800 sq.).

310 1821 375 1902 Qui
399 1832 508 1887 autem
531 1824 674 1888 Perseus
699 1846 774 1887 eum
798 1824 927 1908 Pegaso
952 1826 1145 1888 coniunctus
1170 1822 1241 1888 est?
1286 1865 1288 1868 >

308 1928 466 1994 Fabulam
503 1953 569 1995 non
607 1933 640 1994 in
676 1931 869 1995 confusione
912 1931 1026 1996 Persei
1055 1942 1087 1995 et
1130 1930 1391 2017 Bellerophontis

103 2043 106 2050 '
220 2040 360 2123 positam
389 2060 464 2102 esse
502 2049 627 2103 certum
657 2048 715 2102 est.
765 2037 851 2103 Sane
877 2039 1010 2122 quidem
1039 2039 1126 2125 apud
1149 2038 1251 2126 Myth.
1277 2037 1392 2103 Varl

222 2146 261 2208 71
298 2145 455 2230 legimus:
492 2146 756 2229 Bellerophontes,
792 2148 847 2228 qai
870 2152 899 2211 et
924 2147 1067 2230 Peraeae,
1104 2155 1137 2210 et
1158 2147 1282 2211 ibidem
1319 2146 1392 2227 157,

222 2254 335 2320 Perseo
359 2255 557 2326 proprietam,
578 2275 653 2336 esse,
683 2262 719 2320 at
744 2253 945 2320 Chimaeram
976 2262 1004 2319 et
1028 2254 1204 2339 Gorponepr
1228 2260 1256 2320 et
1278 2255 1392 2320 Medu-

219 2385 288 2445 sora
323 2362 416 2445 (sici)
451 2363 646 2443 interficeret.
674 2361 761 2451 ,Sed
795 2372 906 2426 tamen
929 2346 1087 2426 Perseum
1124 2364 1231 2448 ectypi
1262 2360 1394 2425 Meliia

220 2468 472 2556 Bellerophonte
499 2468 634 2534 alterius
655 2469 832 2556 anaglyphi
854 2492 920 2534 non
944 2468 1137 2554 seiungendi
1166 2469 1296 2533 differre
1320 2490 1393 2555 per-

222 2580 371 2662 spicuum
389 2586 446 2641 est.
457 2577 485 2658 3)
517 2577 626 2662 Atque
643 2600 684 2640 ne
702 2575 856 2644 Ovidium
874 2577 1005 2661 quidem
1027 2576 1218 2640 confusione
1234 2598 1394 2662 peccasse

221 2677 416 2761 documento
442 2695 501 2766 est,
527 2684 737 2770 quodetiam
753 2683 830 2747 alibi
846 2685 1004 2747 Perseum
1020 2686 1166 2751 recreem
1181 2684 1394 2749 Abantiadeor

221 2791 274 2855 vel
290 2792 503 2856 Abantiaderrr
526 2789 669 2876 appellat
692 2791 747 2873 (ef.
773 2815 802 2877 p.
824 2790 891 2872 36).
940 2790 1051 2855 Ovidii
1074 2800 1183 2854 tamen
1199 2812 1216 2853 e
1232 2790 1303 2855 loeo
1320 2790 1394 2876 My-

221 2899 394 2984 thographi
417 2900 568 2962 Vaticani
592 2900 741 2963 confusio
767 2898 947 2963 derivanda
970 2899 1108 2963 videtur.
1140 2897 1280 2962 Ovidius
1305 2900 1392 2961 enim

221 3008 380 3072 Perseum
404 3007 533 3090 Pegaso
558 3017 688 3070 vectum
718 3028 792 3070 esse
823 3006 911 3086 dicit,
942 3030 959 3069 e
992 3006 1119 3090 vulgari
1148 3003 1260 3069 fabula
1287 3004 1394 3070 Belle·

220 3114 397 3200 rophontes
422 3137 460 3177 eo
486 3136 565 3177 usus
591 3123 648 3178 est.
698 3112 791 3194 Quae
816 3136 917 3178 causa
939 3113 1042 3178 fuisse
1068 3113 1206 3196 videtur,
1235 3124 1271 3177 ut
1292 3112 1393 3177 iidem

221 3230 411 3307 putarentur
435 3232 532 3307 atque
552 3222 691 3285 Perseus
721 3224 818 3286 etiam
844 3232 956 3285 eontra
973 3221 1179 3286 Chimaeram
1205 3222 1394 3286 mitteretur.

311 3329 376 3393 Sed
400 3328 511 3392 fabula
547 3350 612 3414 qua
634 3330 778 3393 Perseus
802 3329 934 3414 Pegaso
959 3351 1040 3392 usus
1070 3352 1145 3392 esse
1174 3329 1301 3411 dicitur,
1332 3333 1393 3393 etsi

221 3460 286 3501 non
311 3437 431 3501 axilla
463 3435 666 3515 confusione,
697 3448 806 3501 tamen
839 3460 857 3501 e
886 3435 1148 3522 Bellerophontis
1177 3435 1289 3500 fabula
1317 3447 1394 3500 nata

222 3568 298 3610 esse
323 3544 462 3608 videtur.
510 3544 682 3627 Quoniam,
697 3547 782 3609 enim
807 3545 950 3608 Perseus
970 3544 1133 3629 Gorgonis
1159 3545 1260 3608 caede
1281 3545 1393 3629 utique

221 3674 295 3716 cum
319 3653 447 3737 Pegaso
473 3655 668 3716 coniunctus
693 3664 762 3717 erat
786 3663 883 3738 atque
909 3662 1025 3738 postea
1052 3675 1112 3738 per
1140 3675 1218 3716 aera
1246 3651 1392 3736 aufugie-

220 3760 285 3842 bat,
310 3781 375 3823 non
401 3758 536 3847 multum
561 3760 683 3836 aberat,
709 3769 744 3823 ut
767 3759 871 3824 alatus
897 3759 1062 3844 Gorgonis
1086 3759 1174 3823 filius
1198 3761 1268 3845 ipse
1293 3760 1322 3822 ei
1351 3759 1393 3823 ad

312 3974 332 4051 ¹)
351 3970 598 4036 Imhoof-Blumer,
620 3972 689 4059 ⁸coin
709 3976 791 4043 types
810 3972 842 4026 of
868 3990 945 4027 some
965 3972 1086 4027 Kilikian
1112 3972 1202 4037 sities,
1228 3971 1345 4041 Journal
1365 3972 1397 4026 of

221 4062 286 4116 hell.
306 4062 416 4116 studies
435 4061 527 4115 XVHI
547 4060 640 4128 (1898)
660 4081 687 4131 p.
707 4062 758 4114 171
779 4079 817 4130 sq.
1123 4059 1125 4062 ’

311 4153 321 4183 ²
350 4152 438 4222 Head,
458 4152 491 4204 H.
511 4151 544 4205 N.
563 4171 590 4221 p.
610 4152 663 4203 424
683 4169 722 4219 sq.

311 4243 331 4312 ³)
352 4241 473 4306 Fischer,
503 4241 687 4310 Bellerophon
716 4241 807 4310 (1851)
837 4261 864 4312 p.
888 4242 923 4294 68
946 4259 979 4309 sq
1014 4241 1109 4295 nescio
1142 4259 1197 4310 quo
1223 4241 1307 4296 modo
1335 4242 1393 4312 opi-

220 4333 305 4387 natur
333 4331 418 4389 etiam
444 4349 508 4385 eum
532 4332 579 4400 qui
599 4332 688 4385 altero
708 4331 737 4384 in
759 4331 917 4401 anaglypho
947 4332 1046 4385 eontra
1071 4330 1249 4385 Chimaeram
1276 4335 1393 4400 pugnat,

220 4422 354 4477 Perseum
372 4439 441 4476 esse.
480 4421 560 4486 Quod
579 4421 797 4489 Engelmannus‚
827 4423 899 4475 Ann.
919 4420 984 4475 dell·
1003 4420 1072 4474 Inst.
1092 4420 1180 4474 XLVI
1198 4421 1292 4492 (1874)
1312 4439 1339 4491 p.
1360 4421 1394 4475 18

222 4517 252 4566 et
271 4512 449 4581 Stephanius,
470 4511 699 4581 Uorapte-Raude
716 4511 809 4577 (1881)
828 4530 855 4580 p.
868 4510 910 4577 136
928 4511 988 4564 iure
1007 4511 1184 4580 repulerunt..

1017 4722 1043 4756 Q
