<?xml version="1.0" encoding="UTF-8"?>
<!DOCTYPE html PUBLIC "-//W3C//DTD XHTML 1.0 Transitional//EN"
    "http://www.w3.org/TR/xhtml1/DTD/xhtml1-transitional.dtd">
<html xmlns="http://www.w3.org/1999/xhtml" xml:lang="en" lang="en">
 <head>
  <title>
</title>
<meta http-equiv="Content-Type" content="text/html;charset=utf-8" />
  <meta name='ocr-system' content='tesseract 3.04.00' />
  <meta name='ocr-capabilities' content='ocr_page ocr_carea ocr_par ocr_line ocrx_word'/>
</head>
<body>
  <div class='ocr_page' id='page_1' title='image "./depalladiiraptu00chavgoog_0087.png"; bbox 0 0 3334 5042; ppageno 0'>
   <div class='ocr_carea' id='block_1_1' title="bbox 724 1169 783 1239">
    <p class='ocr_par' dir='ltr' id='par_1_1' title="bbox 724 1169 783 1239">
     <span class='ocr_line' id='line_1_1' title="bbox 724 1169 783 1239; baseline 0.085 -5"><span class='ocrx_word' id='word_1_1' title='bbox 724 1169 783 1239; x_wconf 86' lang='grc' dir='ltr'><strong>ΙΙΙ.</strong></span> 
     </span>
    </p>
   </div>
   <div class='ocr_carea' id='block_1_2' title="bbox 440 1314 1019 1431">
    <p class='ocr_par' dir='ltr' id='par_1_2' title="bbox 440 1314 1019 1431">
     <span class='ocr_line' id='line_1_2' title="bbox 440 1314 1019 1431; baseline -0.012 0"><span class='ocrx_word' id='word_1_2' title='bbox 440 1314 444 1323; x_wconf 51' lang='grc'><strong>’</strong></span> <span class='ocrx_word' id='word_1_3' title='bbox 499 1322 523 1427; x_wconf 94' lang='grc' dir='ltr'><strong> </strong></span> <span class='ocrx_word' id='word_1_4' title='bbox 623 1318 896 1431; x_wconf 77' lang='lat' dir='ltr'>Conclusio.</span> <span class='ocrx_word' id='word_1_5' title='bbox 976 1413 1019 1424; x_wconf 93' lang='lat'>..</span> 
     </span>
    </p>
   </div>
   <div class='ocr_carea' id='block_1_3' title="bbox 103 1577 1342 3579">
    <p class='ocr_par' dir='ltr' id='par_1_3' title="bbox 169 1577 1341 2514">
     <span class='ocr_line' id='line_1_3' title="bbox 199 1577 1341 1664; baseline -0.002 -21"><span class='ocrx_word' id='word_1_6' title='bbox 199 1629 202 1633; x_wconf 86' lang='lat'>.</span> <span class='ocrx_word' id='word_1_7' title='bbox 263 1577 375 1664; x_wconf 85' lang='lat' dir='ltr'>Vsque</span> <span class='ocrx_word' id='word_1_8' title='bbox 398 1600 436 1643; x_wconf 90' lang='lat' dir='ltr'>eo</span> <span class='ocrx_word' id='word_1_9' title='bbox 451 1599 617 1664; x_wconf 59' lang='lat' dir='ltr'>,exponere</span> <span class='ocrx_word' id='word_1_10' title='bbox 633 1585 768 1645; x_wconf 89' lang='lat' dir='ltr'>conatus</span> <span class='ocrx_word' id='word_1_11' title='bbox 783 1600 855 1653; x_wconf 82' lang='lat' dir='ltr'>sum</span> <span class='ocrx_word' id='word_1_12' title='bbox 871 1599 934 1662; x_wconf 92' lang='lat' dir='ltr'>quo</span> <span class='ocrx_word' id='word_1_13' title='bbox 950 1578 1045 1642; x_wconf 87' lang='lat' dir='ltr'>modo</span> <span class='ocrx_word' id='word_1_14' title='bbox 1060 1578 1193 1643; x_wconf 89' lang='lat' dir='ltr'>Palladii</span> <span class='ocrx_word' id='word_1_15' title='bbox 1209 1578 1341 1662; x_wconf 79' lang='lat' dir='ltr'>mythus</span> 
     </span>
     <span class='ocr_line' id='line_1_4' title="bbox 169 1684 1340 1770; baseline -0.001 -20"><span class='ocrx_word' id='word_1_16' title='bbox 169 1706 191 1750; x_wconf 87' lang='lat' dir='ltr'>a</span> <span class='ocrx_word' id='word_1_17' title='bbox 213 1687 317 1770; x_wconf 88' lang='lat' dir='ltr'>poetis</span> <span class='ocrx_word' id='word_1_18' title='bbox 339 1689 552 1770; x_wconf 87' lang='lat' dir='ltr'>pertractatus</span> <span class='ocrx_word' id='word_1_19' title='bbox 574 1686 619 1753; x_wconf 87' lang='lat' dir='ltr'>sit</span> <span class='ocrx_word' id='word_1_20' title='bbox 641 1706 787 1770; x_wconf 86' lang='lat' dir='ltr'>quaeque</span> <span class='ocrx_word' id='word_1_21' title='bbox 810 1687 850 1761; x_wconf 85' lang='lat' dir='ltr'>de</span> <span class='ocrx_word' id='word_1_22' title='bbox 873 1686 929 1749; x_wconf 91' lang='lat' dir='ltr'>illo</span> <span class='ocrx_word' id='word_1_23' title='bbox 953 1684 1047 1769; x_wconf 79' lang='lat' dir='ltr'>signo</span> <span class='ocrx_word' id='word_1_24' title='bbox 1067 1685 1099 1748; x_wconf 88' lang='lat' dir='ltr'>iu</span> <span class='ocrx_word' id='word_1_25' title='bbox 1116 1686 1227 1750; x_wconf 87' lang='lat' dir='ltr'>multis</span> <span class='ocrx_word' id='word_1_26' title='bbox 1243 1684 1340 1749; x_wconf 84' lang='lat' dir='ltr'>Gree-</span> 
     </span>
     <span class='ocr_line' id='line_1_5' title="bbox 170 1790 1338 1871; baseline -0.002 -14"><span class='ocrx_word' id='word_1_27' title='bbox 170 1796 250 1871; x_wconf 84' lang='lat' dir='ltr'>ciae,</span> <span class='ocrx_word' id='word_1_28' title='bbox 279 1791 381 1871; x_wconf 83' lang='lat' dir='ltr'>Asiae,</span> <span class='ocrx_word' id='word_1_29' title='bbox 409 1791 525 1856; x_wconf 85' lang='lat' dir='ltr'>Italiae</span> <span class='ocrx_word' id='word_1_30' title='bbox 552 1793 684 1857; x_wconf 79' lang='lat' dir='ltr'>urbibus</span> <span class='ocrx_word' id='word_1_31' title='bbox 712 1797 837 1859; x_wconf 84' lang='lat' dir='ltr'>servato</span> <span class='ocrx_word' id='word_1_32' title='bbox 864 1795 995 1856; x_wconf 86' lang='lat' dir='ltr'>narrata</span> <span class='ocrx_word' id='word_1_33' title='bbox 1017 1790 1096 1867; x_wconf 79' lang='lat' dir='ltr'>sint3</span> <span class='ocrx_word' id='word_1_34' title='bbox 1126 1827 1169 1838; x_wconf 89' lang='lat'>-</span> <span class='ocrx_word' id='word_1_35' title='bbox 1192 1812 1278 1855; x_wconf 87' lang='lat' dir='ltr'>nunc</span> <span class='ocrx_word' id='word_1_36' title='bbox 1305 1792 1338 1855; x_wconf 87' lang='lat' dir='ltr'>iu</span> 
     </span>
     <span class='ocr_line' id='line_1_6' title="bbox 171 1895 1339 1982; baseline 0 -20"><span class='ocrx_word' id='word_1_37' title='bbox 171 1898 353 1962; x_wconf 87' lang='lat' dir='ltr'>universum</span> <span class='ocrx_word' id='word_1_38' title='bbox 390 1899 429 1962; x_wconf 91' lang='lat' dir='ltr'>de</span> <span class='ocrx_word' id='word_1_39' title='bbox 465 1899 569 1982; x_wconf 83' lang='lat' dir='ltr'>mythi</span> <span class='ocrx_word' id='word_1_40' title='bbox 603 1897 737 1963; x_wconf 87' lang='lat' dir='ltr'>historia</span> <span class='ocrx_word' id='word_1_41' title='bbox 771 1920 872 1982; x_wconf 84' lang='lat' dir='ltr'>pauca</span> <span class='ocrx_word' id='word_1_42' title='bbox 907 1898 1019 1963; x_wconf 88' lang='lat' dir='ltr'>dicam.</span> <span class='ocrx_word' id='word_1_43' title='bbox 1070 1895 1199 1962; x_wconf 79' lang='lat' dir='ltr'><strong>Etenim</strong></span> <span class='ocrx_word' id='word_1_44' title='bbox 1226 1917 1339 1981; x_wconf 88' lang='lat' dir='ltr'>quam·</span> 
     </span>
     <span class='ocr_line' id='line_1_7' title="bbox 171 2004 1339 2089; baseline -0.003 -19"><span class='ocrx_word' id='word_1_45' title='bbox 171 2027 268 2089; x_wconf 88' lang='lat' dir='ltr'>quam</span> <span class='ocrx_word' id='word_1_46' title='bbox 292 2024 401 2069; x_wconf 88' lang='lat' dir='ltr'>vereor</span> <span class='ocrx_word' id='word_1_47' title='bbox 422 2027 462 2071; x_wconf 88' lang='lat' dir='ltr'>ne</span> <span class='ocrx_word' id='word_1_48' title='bbox 481 2007 673 2088; x_wconf 86' lang='lat' dir='ltr'>scriptorum</span> <span class='ocrx_word' id='word_1_49' title='bbox 696 2010 1042 2087; x_wconf 79' lang='lat' dir='ltr'>monumentorumque</span> <span class='ocrx_word' id='word_1_50' title='bbox 1062 2004 1249 2070; x_wconf 84' lang='lat' dir='ltr'>testimonia</span> <span class='ocrx_word' id='word_1_51' title='bbox 1271 2007 1339 2068; x_wconf 92' lang='lat' dir='ltr'>tam</span> 
     </span>
     <span class='ocr_line' id='line_1_8' title="bbox 171 2110 1338 2195; baseline 0 -20"><span class='ocrx_word' id='word_1_52' title='bbox 171 2112 384 2195; x_wconf 71' lang='lat' dir='ltr'>discrepantia</span> <span class='ocrx_word' id='word_1_53' title='bbox 422 2131 461 2176; x_wconf 88' lang='lat' dir='ltr'>ac</span> <span class='ocrx_word' id='word_1_54' title='bbox 497 2112 648 2176; x_wconf 80' lang='lat' dir='ltr'>lacunosa</span> <span class='ocrx_word' id='word_1_55' title='bbox 686 2110 822 2176; x_wconf 87' lang='lat' dir='ltr'>fortasse</span> <span class='ocrx_word' id='word_1_56' title='bbox 853 2111 948 2175; x_wconf 88' lang='lat' dir='ltr'>nimis</span> <span class='ocrx_word' id='word_1_57' title='bbox 976 2110 1121 2194; x_wconf 87' lang='lat' dir='ltr'>expedite</span> <span class='ocrx_word' id='word_1_58' title='bbox 1151 2112 1191 2175; x_wconf 86' lang='lat' dir='ltr'>ad</span> <span class='ocrx_word' id='word_1_59' title='bbox 1213 2111 1338 2176; x_wconf 86' lang='lat' dir='ltr'>easdem</span> 
     </span>
     <span class='ocr_line' id='line_1_9' title="bbox 170 2217 1338 2292; baseline -0.003 -9"><span class='ocrx_word' id='word_1_60' title='bbox 170 2218 332 2283; x_wconf 83' lang='lat' dir='ltr'>versiones</span> <span class='ocrx_word' id='word_1_61' title='bbox 359 2218 523 2284; x_wconf 70' lang='lat' dir='ltr'>retulerim</span> <span class='ocrx_word' id='word_1_62' title='bbox 546 2254 590 2265; x_wconf 91' lang='lat'><em>-</em></span> <span class='ocrx_word' id='word_1_63' title='bbox 613 2222 719 2282; x_wconf 83' lang='lat' dir='ltr'>tamen</span> <span class='ocrx_word' id='word_1_64' title='bbox 748 2219 826 2282; x_wconf 86' lang='lat' dir='ltr'>satis</span> <span class='ocrx_word' id='word_1_65' title='bbox 850 2219 968 2282; x_wconf 86' lang='lat' dir='ltr'>multas</span> <span class='ocrx_word' id='word_1_66' title='bbox 990 2217 1179 2282; x_wconf 82' lang='lat' dir='ltr'>traditiones</span> <span class='ocrx_word' id='word_1_67' title='bbox 1202 2218 1338 2292; x_wconf 79' lang='lat' dir='ltr'>restitui,</span> 
     </span>
     <span class='ocr_line' id='line_1_10' title="bbox 170 2322 1339 2407; baseline 0 -20"><span class='ocrx_word' id='word_1_68' title='bbox 170 2346 259 2407; x_wconf 87' lang='lat' dir='ltr'>quas,</span> <span class='ocrx_word' id='word_1_69' title='bbox 288 2346 360 2389; x_wconf 84' lang='lat' dir='ltr'>cum</span> <span class='ocrx_word' id='word_1_70' title='bbox 383 2345 492 2389; x_wconf 88' lang='lat' dir='ltr'>omnes</span> <span class='ocrx_word' id='word_1_71' title='bbox 513 2323 555 2387; x_wconf 87' lang='lat' dir='ltr'>ad</span> <span class='ocrx_word' id='word_1_72' title='bbox 583 2326 716 2389; x_wconf 85' lang='lat' dir='ltr'>eandem</span> <span class='ocrx_word' id='word_1_73' title='bbox 744 2345 822 2403; x_wconf 85' lang='lat' dir='ltr'>rem,</span> <span class='ocrx_word' id='word_1_74' title='bbox 853 2322 1031 2388; x_wconf 85' lang='lat' dir='ltr'>Palladium</span> <span class='ocrx_word' id='word_1_75' title='bbox 1056 2322 1240 2407; x_wconf 66' lang='lat' dir='ltr'>&#39;trojanum</span> <span class='ocrx_word' id='word_1_76' title='bbox 1265 2345 1339 2407; x_wconf 90' lang='lat' dir='ltr'>per·</span> 
     </span>
     <span class='ocr_line' id='line_1_11' title="bbox 170 2427 1340 2514; baseline 0.001 -20"><span class='ocrx_word' id='word_1_77' title='bbox 170 2431 304 2509; x_wconf 80' lang='lat' dir='ltr'>tineent,</span> <span class='ocrx_word' id='word_1_78' title='bbox 333 2429 471 2514; x_wconf 87' lang='lat' dir='ltr'>quadem</span> <span class='ocrx_word' id='word_1_79' title='bbox 498 2432 622 2496; x_wconf 88' lang='lat' dir='ltr'>ratione</span> <span class='ocrx_word' id='word_1_80' title='bbox 650 2431 735 2495; x_wconf 87' lang='lat' dir='ltr'>inter</span> <span class='ocrx_word' id='word_1_81' title='bbox 763 2452 796 2494; x_wconf 89' lang='lat' dir='ltr'>se</span> <span class='ocrx_word' id='word_1_82' title='bbox 824 2427 1011 2513; x_wconf 83' lang='lat' dir='ltr'>conjunctas</span> <span class='ocrx_word' id='word_1_83' title='bbox 1040 2450 1107 2495; x_wconf 86' lang='lat' dir='ltr'>esse</span> <span class='ocrx_word' id='word_1_84' title='bbox 1129 2451 1257 2495; x_wconf 72' lang='lat' dir='ltr'>neccme</span> <span class='ocrx_word' id='word_1_85' title='bbox 1280 2437 1340 2495; x_wconf 86' lang='lat' dir='ltr'>eet</span> 
     </span>
    </p>

    <p class='ocr_par' dir='ltr' id='par_1_4' title="bbox 240 2536 701 2623">
     <span class='ocr_line' id='line_1_12' title="bbox 240 2536 701 2623; baseline 0.007 -26"><span class='ocrx_word' id='word_1_86' title='bbox 240 2536 307 2601; x_wconf 87' lang='lat' dir='ltr'>.De</span> <span class='ocrx_word' id='word_1_87' title='bbox 330 2559 395 2623; x_wconf 85' lang='lat' dir='ltr'>qua</span> <span class='ocrx_word' id='word_1_88' title='bbox 416 2560 502 2603; x_wconf 90' lang='lat' dir='ltr'>nunc</span> <span class='ocrx_word' id='word_1_89' title='bbox 525 2538 701 2622; x_wconf 88' lang='lat' dir='ltr'>quaeritur.</span> 
     </span>
    </p>

    <p class='ocr_par' dir='ltr' id='par_1_5' title="bbox 103 2642 1338 3366">
     <span class='ocr_line' id='line_1_13' title="bbox 260 2642 1338 2728; baseline 0.001 -22"><span class='ocrx_word' id='word_1_90' title='bbox 260 2642 406 2709; x_wconf 89' lang='lat' dir='ltr'>Vidimus</span> <span class='ocrx_word' id='word_1_91' title='bbox 426 2666 543 2710; x_wconf 84' lang='lat' dir='ltr'>novum</span> <span class='ocrx_word' id='word_1_92' title='bbox 557 2645 724 2727; x_wconf 83' lang='lat' dir='ltr'>quemdam</span> <span class='ocrx_word' id='word_1_93' title='bbox 741 2643 900 2727; x_wconf 82' lang='lat' dir='ltr'>mythunr‚</span> <span class='ocrx_word' id='word_1_94' title='bbox 916 2681 960 2690; x_wconf 88' lang='lat'>——</span> <span class='ocrx_word' id='word_1_95' title='bbox 976 2645 1032 2728; x_wconf 90' lang='lat' dir='ltr'>qui</span> <span class='ocrx_word' id='word_1_96' title='bbox 1043 2642 1183 2709; x_wconf 89' lang='lat' dir='ltr'>Homero</span> <span class='ocrx_word' id='word_1_97' title='bbox 1194 2645 1338 2709; x_wconf 92' lang='lat' dir='ltr'>nondum</span> 
     </span>
     <span class='ocr_line' id='line_1_14' title="bbox 170 2749 1338 2835; baseline 0 -20"><span class='ocrx_word' id='word_1_98' title='bbox 170 2754 268 2815; x_wconf 86' lang='lat' dir='ltr'>notus</span> <span class='ocrx_word' id='word_1_99' title='bbox 296 2749 360 2815; x_wconf 87' lang='lat' dir='ltr'>fuit</span> <span class='ocrx_word' id='word_1_100' title='bbox 381 2784 427 2799; x_wconf 82' lang='lat'>·-</span> <span class='ocrx_word' id='word_1_101' title='bbox 449 2752 483 2815; x_wconf 90' lang='lat' dir='ltr'>in</span> <span class='ocrx_word' id='word_1_102' title='bbox 505 2751 645 2815; x_wconf 86' lang='lat' dir='ltr'>carmina</span> <span class='ocrx_word' id='word_1_103' title='bbox 667 2750 786 2834; x_wconf 85' lang='lat' dir='ltr'>cyclica</span> <span class='ocrx_word' id='word_1_104' title='bbox 809 2772 890 2834; x_wconf 90' lang='lat' dir='ltr'>quae</span> <span class='ocrx_word' id='word_1_105' title='bbox 905 2755 1062 2814; x_wconf 85' lang='lat' dir='ltr'>vocantur</span> <span class='ocrx_word' id='word_1_106' title='bbox 1080 2755 1244 2835; x_wconf 88' lang='lat' dir='ltr'>receptum</span> <span class='ocrx_word' id='word_1_107' title='bbox 1261 2770 1338 2826; x_wconf 80' lang='lat' dir='ltr'>esse,</span> 
     </span>
     <span class='ocr_line' id='line_1_15' title="bbox 169 2854 1338 2941; baseline 0.002 -22"><span class='ocrx_word' id='word_1_108' title='bbox 169 2861 267 2939; x_wconf 89' lang='lat' dir='ltr'>atque</span> <span class='ocrx_word' id='word_1_109' title='bbox 278 2857 319 2921; x_wconf 91' lang='lat' dir='ltr'>ab</span> <span class='ocrx_word' id='word_1_110' title='bbox 331 2879 368 2922; x_wconf 90' lang='lat' dir='ltr'>eo</span> <span class='ocrx_word' id='word_1_111' title='bbox 381 2863 493 2941; x_wconf 87' lang='lat' dir='ltr'>typum</span> <span class='ocrx_word' id='word_1_112' title='bbox 505 2857 587 2939; x_wconf 84' lang='lat' dir='ltr'>signi</span> <span class='ocrx_word' id='word_1_113' title='bbox 599 2854 761 2922; x_wconf 84' lang='lat' dir='ltr'>Minervae</span> <span class='ocrx_word' id='word_1_114' title='bbox 772 2856 929 2941; x_wconf 81' lang='lat' dir='ltr'>Trojanae</span> <span class='ocrx_word' id='word_1_115' title='bbox 941 2856 1037 2921; x_wconf 91' lang='lat' dir='ltr'>simul</span> <span class='ocrx_word' id='word_1_116' title='bbox 1048 2855 1172 2921; x_wconf 89' lang='lat' dir='ltr'>illatum</span> <span class='ocrx_word' id='word_1_117' title='bbox 1190 2877 1268 2935; x_wconf 82' lang='lat' dir='ltr'>esse,</span> <span class='ocrx_word' id='word_1_118' title='bbox 1282 2857 1338 2940; x_wconf 90' lang='lat' dir='ltr'>qui</span> 
     </span>
     <span class='ocr_line' id='line_1_16' title="bbox 169 2962 1338 3047; baseline 0.002 -22"><span class='ocrx_word' id='word_1_119' title='bbox 169 2963 262 3026; x_wconf 87' lang='lat' dir='ltr'>valde</span> <span class='ocrx_word' id='word_1_120' title='bbox 286 2965 328 3028; x_wconf 83' lang='lat' dir='ltr'>ab</span> <span class='ocrx_word' id='word_1_121' title='bbox 350 2963 532 3047; x_wconf 87' lang='lat' dir='ltr'>antiquiore</span> <span class='ocrx_word' id='word_1_122' title='bbox 555 2962 760 3040; x_wconf 86' lang='lat' dir='ltr'>abhorrebat3</span> <span class='ocrx_word' id='word_1_123' title='bbox 784 2982 859 3027; x_wconf 88' lang='lat' dir='ltr'>nam</span> <span class='ocrx_word' id='word_1_124' title='bbox 885 2985 954 3027; x_wconf 91' lang='lat' dir='ltr'>cum</span> <span class='ocrx_word' id='word_1_125' title='bbox 970 2963 1110 3045; x_wconf 90' lang='lat' dir='ltr'>priscum</span> <span class='ocrx_word' id='word_1_126' title='bbox 1132 2964 1338 3027; x_wconf 84' lang='lat' dir='ltr'>simulacrum</span> 
     </span>
     <span class='ocr_line' id='line_1_17' title="bbox 169 3068 1337 3153; baseline 0.001 -21"><span class='ocrx_word' id='word_1_127' title='bbox 169 3070 282 3133; x_wconf 89' lang='lat' dir='ltr'>sedens</span> <span class='ocrx_word' id='word_1_128' title='bbox 305 3069 448 3135; x_wconf 84' lang='lat' dir='ltr'>effictum</span> <span class='ocrx_word' id='word_1_129' title='bbox 471 3073 562 3147; x_wconf 78' lang='lat' dir='ltr'>esset,</span> <span class='ocrx_word' id='word_1_130' title='bbox 586 3069 648 3134; x_wconf 87' lang='lat' dir='ltr'>bec</span> <span class='ocrx_word' id='word_1_131' title='bbox 671 3068 731 3134; x_wconf 86' lang='lat' dir='ltr'>dea</span> <span class='ocrx_word' id='word_1_132' title='bbox 753 3073 843 3137; x_wconf 88' lang='lat' dir='ltr'>stans</span> <span class='ocrx_word' id='word_1_133' title='bbox 864 3069 900 3133; x_wconf 91' lang='lat' dir='ltr'>in</span> <span class='ocrx_word' id='word_1_134' title='bbox 916 3070 1011 3133; x_wconf 86' lang='lat' dir='ltr'>armis</span> <span class='ocrx_word' id='word_1_135' title='bbox 1025 3069 1337 3153; x_wconf 85' lang='lat' dir='ltr'>repraesentabatur.</span> 
     </span>
     <span class='ocr_line' id='line_1_18' title="bbox 103 3174 1336 3260; baseline 0.001 -21"><span class='ocrx_word' id='word_1_136' title='bbox 103 3188 106 3193; x_wconf 75' lang='grc'>’</span> <span class='ocrx_word' id='word_1_137' title='bbox 169 3174 219 3239; x_wconf 78' lang='lat' dir='ltr'>Ex</span> <span class='ocrx_word' id='word_1_138' title='bbox 234 3196 298 3259; x_wconf 90' lang='lat' dir='ltr'>quo</span> <span class='ocrx_word' id='word_1_139' title='bbox 315 3175 401 3241; x_wconf 86' lang='lat' dir='ltr'>facto</span> <span class='ocrx_word' id='word_1_140' title='bbox 416 3176 563 3241; x_wconf 83' lang='lat' dir='ltr'>conlusio</span> <span class='ocrx_word' id='word_1_141' title='bbox 578 3197 643 3239; x_wconf 90' lang='lat' dir='ltr'>non</span> <span class='ocrx_word' id='word_1_142' title='bbox 658 3196 755 3259; x_wconf 87' lang='lat' dir='ltr'>parva</span> <span class='ocrx_word' id='word_1_143' title='bbox 768 3177 897 3240; x_wconf 83' lang='lat' dir='ltr'>exstitit</span> <span class='ocrx_word' id='word_1_144' title='bbox 912 3181 1008 3259; x_wconf 90' lang='lat' dir='ltr'>atque</span> <span class='ocrx_word' id='word_1_145' title='bbox 1019 3182 1153 3260; x_wconf 87' lang='lat' dir='ltr'>apparet</span> <span class='ocrx_word' id='word_1_146' title='bbox 1168 3178 1336 3258; x_wconf 90' lang='lat' dir='ltr'>antiquum</span> 
     </span>
     <span class='ocr_line' id='line_1_19' title="bbox 167 3282 1013 3366; baseline 0.002 -22"><span class='ocrx_word' id='word_1_147' title='bbox 167 3286 283 3364; x_wconf 84' lang='lat' dir='ltr'>typum</span> <span class='ocrx_word' id='word_1_148' title='bbox 305 3302 388 3347; x_wconf 88' lang='lat' dir='ltr'>novo</span> <span class='ocrx_word' id='word_1_149' title='bbox 410 3283 528 3347; x_wconf 84' lang='lat' dir='ltr'>assde</span> <span class='ocrx_word' id='word_1_150' title='bbox 552 3304 610 3347; x_wconf 90' lang='lat' dir='ltr'>sua</span> <span class='ocrx_word' id='word_1_151' title='bbox 634 3282 728 3366; x_wconf 89' lang='lat' dir='ltr'>plane</span> <span class='ocrx_word' id='word_1_152' title='bbox 750 3286 911 3348; x_wconf 89' lang='lat' dir='ltr'>remotum</span> <span class='ocrx_word' id='word_1_153' title='bbox 934 3303 1013 3346; x_wconf 87' lang='lat' dir='ltr'>esse.</span> 
     </span>
    </p>

    <p class='ocr_par' dir='ltr' id='par_1_6' title="bbox 169 3387 1342 3579">
     <span class='ocr_line' id='line_1_20' title="bbox 257 3387 1342 3473; baseline 0.001 -22"><span class='ocrx_word' id='word_1_154' title='bbox 257 3387 337 3454; x_wconf 88' lang='lat' dir='ltr'>Inde</span> <span class='ocrx_word' id='word_1_155' title='bbox 360 3389 563 3472; x_wconf 90' lang='lat' dir='ltr'>perspicuum</span> <span class='ocrx_word' id='word_1_156' title='bbox 581 3394 631 3453; x_wconf 88' lang='lat' dir='ltr'>est</span> <span class='ocrx_word' id='word_1_157' title='bbox 653 3387 796 3454; x_wconf 87' lang='lat' dir='ltr'>fabulam</span> <span class='ocrx_word' id='word_1_158' title='bbox 824 3390 862 3453; x_wconf 91' lang='lat' dir='ltr'>de</span> <span class='ocrx_word' id='word_1_159' title='bbox 877 3409 942 3473; x_wconf 90' lang='lat' dir='ltr'>qua</span> <span class='ocrx_word' id='word_1_160' title='bbox 957 3389 1124 3472; x_wconf 86' lang='lat' dir='ltr'>quaeritur</span> <span class='ocrx_word' id='word_1_161' title='bbox 1146 3389 1187 3452; x_wconf 88' lang='lat' dir='ltr'>ab</span> <span class='ocrx_word' id='word_1_162' title='bbox 1201 3389 1342 3472; x_wconf 83' lang='lat' dir='ltr'>antiquo.</span> 
     </span>
     <span class='ocr_line' id='line_1_21' title="bbox 169 3494 1337 3579; baseline 0.001 -20"><span class='ocrx_word' id='word_1_163' title='bbox 169 3495 258 3578; x_wconf 79' lang='lat' dir='ltr'>cyclo</span> <span class='ocrx_word' id='word_1_164' title='bbox 299 3494 388 3578; x_wconf 89' lang='lat' dir='ltr'>epico</span> <span class='ocrx_word' id='word_1_165' title='bbox 430 3495 568 3560; x_wconf 85' lang='lat' dir='ltr'>alienam</span> <span class='ocrx_word' id='word_1_166' title='bbox 608 3495 704 3560; x_wconf 84' lang='lat' dir='ltr'>fuisse</span> <span class='ocrx_word' id='word_1_167' title='bbox 742 3502 840 3577; x_wconf 88' lang='lat' dir='ltr'>atque</span> <span class='ocrx_word' id='word_1_168' title='bbox 879 3495 1008 3560; x_wconf 89' lang='lat' dir='ltr'>aliunde</span> <span class='ocrx_word' id='word_1_169' title='bbox 1046 3494 1204 3579; x_wconf 87' lang='lat' dir='ltr'>originem</span> <span class='ocrx_word' id='word_1_170' title='bbox 1243 3516 1337 3560; x_wconf 87' lang='lat' dir='ltr'>suam</span> 
     </span>
    </p>
   </div>
   <div class='ocr_carea' id='block_1_4' title="bbox 169 3599 1441 3685">
    <p class='ocr_par' dir='ltr' id='par_1_7' title="bbox 169 3599 1441 3685">
     <span class='ocr_line' id='line_1_22' title="bbox 169 3599 1441 3685; baseline 0 -21"><span class='ocrx_word' id='word_1_171' title='bbox 169 3599 305 3666; x_wconf 72' lang='lat' dir='ltr'>durnse.</span> <span class='ocrx_word' id='word_1_172' title='bbox 362 3599 500 3666; x_wconf 86' lang='lat' dir='ltr'>Ubinam</span> <span class='ocrx_word' id='word_1_173' title='bbox 529 3602 629 3684; x_wconf 83' lang='lat' dir='ltr'>igitur</span> <span class='ocrx_word' id='word_1_174' title='bbox 657 3608 752 3666; x_wconf 87' lang='lat' dir='ltr'>etex</span> <span class='ocrx_word' id='word_1_175' title='bbox 775 3622 840 3685; x_wconf 92' lang='lat' dir='ltr'>quo</span> <span class='ocrx_word' id='word_1_176' title='bbox 863 3606 938 3666; x_wconf 90' lang='lat' dir='ltr'>orta</span> <span class='ocrx_word' id='word_1_177' title='bbox 959 3602 1002 3665; x_wconf 89' lang='lat' dir='ltr'>sit</span> <span class='ocrx_word' id='word_1_178' title='bbox 1024 3600 1254 3684; x_wconf 87' lang='lat' dir='ltr'>inquirendum</span> <span class='ocrx_word' id='word_1_179' title='bbox 1277 3608 1335 3667; x_wconf 83' lang='lat' dir='ltr'>est</span> <span class='ocrx_word' id='word_1_180' title='bbox 1438 3655 1441 3664; x_wconf 91' lang='lat'>.</span> 
     </span>
    </p>
   </div>
   <div class='ocr_carea' id='block_1_5' title="bbox 167 3707 1336 4322">
    <p class='ocr_par' dir='ltr' id='par_1_8' title="bbox 167 3707 1336 4005">
     <span class='ocr_line' id='line_1_23' title="bbox 256 3707 1336 3792; baseline 0.001 -21"><span class='ocrx_word' id='word_1_181' title='bbox 256 3707 362 3790; x_wconf 84' lang='lat' dir='ltr'>Atque</span> <span class='ocrx_word' id='word_1_182' title='bbox 391 3707 420 3771; x_wconf 88' lang='lat' dir='ltr'>si</span> <span class='ocrx_word' id='word_1_183' title='bbox 442 3712 557 3791; x_wconf 88' lang='lat' dir='ltr'>poetas</span> <span class='ocrx_word' id='word_1_184' title='bbox 586 3708 692 3792; x_wconf 88' lang='lat' dir='ltr'>epicos</span> <span class='ocrx_word' id='word_1_185' title='bbox 716 3730 784 3772; x_wconf 90' lang='lat' dir='ltr'>eam</span> <span class='ocrx_word' id='word_1_186' title='bbox 809 3707 939 3771; x_wconf 88' lang='lat' dir='ltr'>minime</span> <span class='ocrx_word' id='word_1_187' title='bbox 962 3708 1001 3771; x_wconf 90' lang='lat' dir='ltr'>de</span> <span class='ocrx_word' id='word_1_188' title='bbox 1024 3727 1082 3771; x_wconf 89' lang='lat' dir='ltr'>suo</span> <span class='ocrx_word' id='word_1_189' title='bbox 1105 3707 1238 3773; x_wconf 86' lang='lat' dir='ltr'>finxisse</span> <span class='ocrx_word' id='word_1_190' title='bbox 1261 3731 1336 3773; x_wconf 92' lang='lat' dir='ltr'>con·</span> 
     </span>
     <span class='ocr_line' id='line_1_24' title="bbox 168 3811 1336 3896; baseline 0.003 -20"><span class='ocrx_word' id='word_1_191' title='bbox 168 3817 245 3890; x_wconf 76' lang='lat' dir='ltr'>stat,</span> <span class='ocrx_word' id='word_1_192' title='bbox 269 3812 349 3877; x_wconf 92' lang='lat' dir='ltr'>nihil</span> <span class='ocrx_word' id='word_1_193' title='bbox 371 3813 464 3879; x_wconf 89' lang='lat' dir='ltr'>nobis</span> <span class='ocrx_word' id='word_1_194' title='bbox 487 3819 585 3879; x_wconf 86' lang='lat' dir='ltr'>restet</span> <span class='ocrx_word' id='word_1_195' title='bbox 607 3814 668 3878; x_wconf 89' lang='lat' dir='ltr'>nisi</span> <span class='ocrx_word' id='word_1_196' title='bbox 692 3818 729 3878; x_wconf 87' lang='lat' dir='ltr'>ut</span> <span class='ocrx_word' id='word_1_197' title='bbox 752 3811 876 3878; x_wconf 87' lang='lat' dir='ltr'>fabulas</span> <span class='ocrx_word' id='word_1_198' title='bbox 898 3814 1046 3878; x_wconf 86' lang='lat' dir='ltr'>adeamus</span> <span class='ocrx_word' id='word_1_199' title='bbox 1069 3833 1154 3896; x_wconf 84' lang='lat' dir='ltr'>quae</span> <span class='ocrx_word' id='word_1_200' title='bbox 1184 3816 1217 3879; x_wconf 89' lang='lat' dir='ltr'>in</span> <span class='ocrx_word' id='word_1_201' title='bbox 1241 3816 1336 3880; x_wconf 82' lang='lat' dir='ltr'>variis</span> 
     </span>
     <span class='ocr_line' id='line_1_25' title="bbox 167 3917 1072 4005; baseline 0.001 -22"><span class='ocrx_word' id='word_1_202' title='bbox 167 3920 299 3984; x_wconf 89' lang='lat' dir='ltr'>urbibus</span> <span class='ocrx_word' id='word_1_203' title='bbox 323 3917 450 3985; x_wconf 79' lang='lat' dir='ltr'>Graecis</span> <span class='ocrx_word' id='word_1_204' title='bbox 473 3920 512 3985; x_wconf 88' lang='lat' dir='ltr'>de</span> <span class='ocrx_word' id='word_1_205' title='bbox 536 3920 681 3986; x_wconf 86' lang='lat' dir='ltr'>Palladio</span> <span class='ocrx_word' id='word_1_206' title='bbox 705 3919 846 4005; x_wconf 80' lang='lat' dir='ltr'>Trojano</span> <span class='ocrx_word' id='word_1_207' title='bbox 869 3921 1072 3986; x_wconf 84' lang='lat' dir='ltr'>exsistebant.</span> 
     </span>
    </p>

    <p class='ocr_par' dir='ltr' id='par_1_9' title="bbox 167 4023 1336 4322">
     <span class='ocr_line' id='line_1_26' title="bbox 256 4023 1336 4113; baseline 0.004 -25"><span class='ocrx_word' id='word_1_208' title='bbox 256 4023 395 4091; x_wconf 88' lang='lat' dir='ltr'>Athenis</span> <span class='ocrx_word' id='word_1_209' title='bbox 418 4027 555 4110; x_wconf 88' lang='lat' dir='ltr'>primurn</span> <span class='ocrx_word' id='word_1_210' title='bbox 578 4026 734 4110; x_wconf 84' lang='lat' dir='ltr'>figmenta</span> <span class='ocrx_word' id='word_1_211' title='bbox 757 4026 914 4091; x_wconf 87' lang='lat' dir='ltr'>nonnulla</span> <span class='ocrx_word' id='word_1_212' title='bbox 937 4028 976 4092; x_wconf 90' lang='lat' dir='ltr'>de</span> <span class='ocrx_word' id='word_1_213' title='bbox 998 4027 1092 4111; x_wconf 84' lang='lat' dir='ltr'>signo</span> <span class='ocrx_word' id='word_1_214' title='bbox 1108 4025 1247 4111; x_wconf 83' lang='lat' dir='ltr'>Trojano</span> <span class='ocrx_word' id='word_1_215' title='bbox 1266 4029 1336 4113; x_wconf 88' lang='lat' dir='ltr'>jam</span> 
     </span>
     <span class='ocr_line' id='line_1_27' title="bbox 167 4131 1334 4217; baseline 0.003 -22"><span class='ocrx_word' id='word_1_216' title='bbox 167 4136 244 4195; x_wconf 88' lang='lat' dir='ltr'>ante</span> <span class='ocrx_word' id='word_1_217' title='bbox 265 4131 390 4197; x_wconf 84' lang='lat' dir='ltr'>Arctini</span> <span class='ocrx_word' id='word_1_218' title='bbox 425 4138 458 4197; x_wconf 89' lang='lat' dir='ltr'>et</span> <span class='ocrx_word' id='word_1_219' title='bbox 482 4131 621 4198; x_wconf 80' lang='lat' dir='ltr'>beschae</span> <span class='ocrx_word' id='word_1_220' title='bbox 650 4137 798 4216; x_wconf 85' lang='lat' dir='ltr'>tempora</span> <span class='ocrx_word' id='word_1_221' title='bbox 829 4132 991 4196; x_wconf 86' lang='lat' dir='ltr'>exstitisse</span> <span class='ocrx_word' id='word_1_222' title='bbox 1021 4133 1246 4217; x_wconf 80' lang='lat' dir='ltr'>judicavimus3</span> <span class='ocrx_word' id='word_1_223' title='bbox 1281 4136 1334 4199; x_wconf 90' lang='lat' dir='ltr'>sed</span> 
     </span>
     <span class='ocr_line' id='line_1_28' title="bbox 167 4237 1334 4322; baseline 0.003 -20"><span class='ocrx_word' id='word_1_224' title='bbox 167 4261 231 4304; x_wconf 88' lang='lat' dir='ltr'>non</span> <span class='ocrx_word' id='word_1_225' title='bbox 245 4237 347 4302; x_wconf 88' lang='lat' dir='ltr'>solum</span> <span class='ocrx_word' id='word_1_226' title='bbox 362 4237 453 4303; x_wconf 84' lang='lat' dir='ltr'>valde</span> <span class='ocrx_word' id='word_1_227' title='bbox 465 4239 510 4303; x_wconf 83' lang='lat' dir='ltr'>ab</span> <span class='ocrx_word' id='word_1_228' title='bbox 523 4239 569 4302; x_wconf 88' lang='lat' dir='ltr'>eis</span> <span class='ocrx_word' id='word_1_229' title='bbox 582 4239 759 4304; x_wconf 90' lang='lat' dir='ltr'>abhorrent</span> <span class='ocrx_word' id='word_1_230' title='bbox 775 4261 857 4322; x_wconf 85' lang='lat' dir='ltr'>quae</span> <span class='ocrx_word' id='word_1_231' title='bbox 868 4262 888 4302; x_wconf 88' lang='lat' dir='ltr'>a</span> <span class='ocrx_word' id='word_1_232' title='bbox 899 4240 1002 4321; x_wconf 90' lang='lat' dir='ltr'>poetis</span> <span class='ocrx_word' id='word_1_233' title='bbox 1014 4240 1140 4322; x_wconf 84' lang='lat' dir='ltr'>cyclicis</span> <span class='ocrx_word' id='word_1_234' title='bbox 1155 4252 1334 4320; x_wconf 84' lang='lat' dir='ltr'>narrantur,</span> 
     </span>
    </p>
   </div>
   <div class='ocr_carea' id='block_1_6' title="bbox 0 0 1672 5042">
    <p class='ocr_par' dir='ltr' id='par_1_10' title="bbox 0 0 1672 5042">
     <span class='ocr_line' id='line_1_29' title="bbox 0 0 1672 5042; baseline 0 1"><span class='ocrx_word' id='word_1_235' title='bbox 0 0 1672 5042; x_wconf 95' lang='lat' dir='ltr'> </span> 
     </span>
    </p>
   </div>
  </div>
 </body>
</html>
