3334 5042
813 468 1033 535 ..44-

430 663 478 729 Ad
501 664 589 748 prius
612 670 809 730 momentum
832 665 939 730 venio:
976 662 1104 729 Vlixem
1125 663 1269 749 gladium
1293 668 1330 730 ut
1354 663 1503 728 comitem

342 771 583 855 praecedentem
605 776 733 838 necaret
755 773 862 837 subito
887 771 1103 838 destrinxisse.

430 877 469 942 Ei
492 898 575 962 quae
596 879 681 964 apud
705 877 868 945 Cononem
891 880 995 942 exstat
1016 876 1176 943 simillima
1199 877 1343 943 narratio
1366 874 1461 942 uobis
1483 897 1523 940 a*

343 985 500 1051 veteribus
523 986 738 1072 grammaticis
760 989 885 1051 servata
909 987 968 1062 est,
993 1004 1066 1049 oum
1086 985 1277 1057 locutionem
1299 983 1520 1085 interpretari¹
1576 1043 1583 1051 .

341 1092 517 1171 studerent,
540 1094 673 1178 quaein
696 1093 857 1177 proverbii
872 1091 1133 1158 consuetudinem
1147 1096 1279 1156 uenerat
1304 1086 1402 1174 atque
1418 1090 1503 1175 apud

342 1199 586 1284 Aristophanem
609 1198 708 1284 (Eccl.
736 1199 835 1280 1029)
860 1204 893 1264 et
914 1198 1080 1265 Platonem
1109 1197 1202 1283 (Rep.
1231 1197 1276 1262 VI
1298 1197 1364 1263 493
1390 1194 1430 1282 D)
1454 1217 1505 1260 oc-

342 1308 442 1371 currit
457 1303 588 1393 (quibus
603 1307 684 1373 adde
699 1305 838 1372 Cramer.
871 1306 989 1371 Anccd.
1005 1305 1055 1370 ΙΙΙ
1067 1303 1162 1390 223),Ι
1170 1302 1343 1392 Διομήδεος
1351 1297 1505 1388 ἀνάγκη.)

342 1414 476 1499 Legitur
500 1419 609 1479 autem
632 1415 712 1480 haec
735 1414 875 1479 narratio
897 1415 981 1498 apud
998 1412 1174 1478 Zenobium
1188 1410 1253 1496 (ΙΙΙ
1269 1409 1312 1497 8),
1336 1409 1505 1477 Arsenium

343 1518 445 1601 (181),
484 1520 518 1585 in
557 1521 624 1586 cod.
656 1520 828 1587 Bodleiano
863 1516 967 1605 (338),
1013 1520 1098 1605 apud
1136 1519 1337 1585 scholiastam
1359 1516 1505 1583 Platonis

342 1624 646 1713 (Rep.v14931)),
680 1625 824 1692 Servium
852 1627 896 1706 (ΙΙ
914 1624 1002 1711 166),
1038 1631 1135 1712 atque
1169 1627 1266 1692 etiam
1297 1646 1368 1690 cum
1397 1623 1506 1706 altera

341 1733 511 1800 locutionis
533 1729 776 1817 explicatione&
802 1732 888 1817 apud
916 1732 1050 1799 Suidam
1077 1730 1122 1812 (Δ.
1145 1730 1197 1814 ά),
1224 1731 1427 1817 Apostolium
1449 1727 1506 1810 (⁷1

345 1842 406 1922 lo),
430 1839 521 1906 Euat.
545 1843 587 1924 (p.
609 1842 683 1916 822,
709 1840 773 1921 20).
818 1839 903 1918 Quos
936 1863 1046 1907 omnes
1080 1840 1175 1916 locos,
1211 1863 1284 1906 cum
1317 1839 1506 1924 plerumque

343 1948 411 2013 fere
434 1946 624 2013 adverbum
646 1948 729 2011 inter
756 1968 789 2011 se
812 1947 1025 2024 consentiant,
1061 1970 1102 2013 ex
1129 1947 1241 2012 eodem
1271 1946 1364 2011 fonte
1396 1964 1506 2009 mana·

325 2056 425 2120 xvisse
463 2054 632 2120 verisimile
666 2058 725 2119 est.
770 2053 914 2117 Primum
958 2053 1050 2118 illum
1083 2059 1247 2120 auctorem
1269 2058 1408 2120 veterem
1431 2051 1506 2116 doc·

342 2165 477 2247 tumque
498 2158 714 2246 Aristophanis
735 2170 991 2226 commercatorem
1014 2159 1110 2227 luisse
1133 2168 1219 2227 recte
1252 2181 1324 2224 mea
1346 2160 1507 2226 sententia

342 2268 469 2333 monuit
492 2265 651 2348 Kleinius3
674 2287 750 2332 nam
773 2271 807 2332 et
828 2268 912 2352 apud
941 2267 1114 2333 Zenobiam
1143 2273 1175 2332 et
1196 2267 1281 2353 apud
1305 2266 1507 2332 scholiastam

342 2376 378 2440 in
406 2373 574 2439 Platonem
597 2370 705 2438 Ranae
733 2374 959 2459 Aristophanis
981 2370 1191 2456 laudantnr.⁸)
1242 2373 1375 2439 Zenobii
1411 2373 1508 2438 verba

343 2504 415 2548 cum
438 2479 624 2565 plenissima
657 2481 722 2543 sint
743 2502 883 2566 appono:
908 2482 1016 2544 ..δτε
1039 2480 1097 2567 γὰρ
1120 2479 1264 2564 λαβόντες
1283 2479 1316 2544 τὸ
1339 2477 1507 2544 Παλλάδιον

347 2588 379 2652 Δ.
401 2589 450 2652 καὶ
478 2587 510 2651 0.
533 2585 665 2671 ἐκόμιζον
688 2583 735 2650 ἐπὶ
757 2587 810 2662 τὰς
830 2591 911 2665 ναῦς,
939 2587 1006 2652 τότε
1030 2588 1215 2674 βουλόμενος
1234 2583 1391 2662 Ὀδυσσεὺς
1416 2583 1508 2650 αὐτοῦ

339 2694 437 2779 φόνου
464 2693 517 2782 τὴν
545 2690 706 2779 φιλοτιμίαν
734 2692 873 2775 γενέσθαι
904 2694 1081 2783 tarpeioque
1111 2697 1256 2781 φονεῦσαι
1282 2693 1332 2757 τὸν
1362 2692 1509 2781 Διομήδην

340 2801 418 2887 μετὰ
440 2803 492 2865 τοῦ
516 2798 688 2865 Παλλαδίου
711 2801 942 2889 προηγούμενον.
988 2798 1129 2887 Προϊδὼν
1152 2802 1187 2866 δὲ
1210 2802 1321 2875 ἐκεῖνος
1341 2801 1385 2875 ὡς
1404 2800 1437 2865 ἐν
1460 2823 1508 2863 κα·

345 2907 465 2992 τόπτρφ
491 2906 671 2991 άντίοτιλβον
698 2906 731 2971 τὸ
759 2904 876 2993 ξίφος)
903 2910 952 2972 καὶ
974 2907 1132 2991 συλλαβὼν
1159 2908 1250 2973 αὐτὸν
1271 2910 1321 2972 καὶ
1343 2906 1439 2996 δήσας
1458 2906 1512 2980 τὰς

343 3016 453 3102 χεζσας
471 3015 572 3080 πλάτει
594 3018 645 3080 τοῦ
668 3013 772 3102 ξίφους
791 3013 967 3079 άιιολουδιῖιν
981 3010 1138 3100 ἔπισεενδ)

436 3120 483 3185 Ad
519 3118 601 3205 decu
636 3120 683 3188 δν.
721 3128 870 3207 spactant
913 3123 1009 3188 etiam
1047 3123 1145 3189 verba
1181 3121 1340 3188 nonnulla
1369 3120 1511 3208 Hcsycta‘i

347 3271 558 3284 “Qu-n—

420 3335 441 3401 ¹)
459 3332 517 3387 vid
536 3332 664 3399 Welclrer,
683 3333 732 3403 Ep.
751 3331 782 3391 G.
799 3332 825 3388 ΙΙ
842 3333 961 3405 ltasqq.
999 3333 1086 3402 Klein,
1105 3333 1184 3389 hrcle
1203 3350 1246 3405 ep.
1270 3334 1337 3389 Mitt.
1356 3348 1405 3388 aus
1423 3317 1510 3388 lister.

348 3421 387 3477 Ill
406 3421 520 3478 36-40.
556 3420 665 3491 Ructat,
684 3420 781 3478 Kouon
798 3422 880 3492 99sq.

419 3509 442 3578 ²)
463 3510 484 3564 Α
503 3509 633 3566 Olearcho
652 3509 756 3567 Solensi
779 3510 926 3581 proposita,
949 3511 995 3582 qui
1017 3511 1179 3566 locutionem
1200 3512 1236 3566 ad
1254 3510 1410 3566 Diomedem
1428 3509 1511 3564 Thra·

349 3615 410 3654 cum
432 3596 575 3654 referebat.
593 3599 724 3674 Hesych.:
749 3597 885 3673 Κλέαρχος
898 3603 946 3667 μέν
964 3620 1034 3672 φησι,
1058 3600 1201 3672 Διομήδους
1222 3603 1375 3672 θυγατέρας
1389 3601 1512 3670 γενέσθαι

351 3688 415 3740 πάνυ
436 3689 588 3758 μοχθηρὰς,
616 3689 658 3750 οἷς
683 3691 831 3760 ἀναγκάζειν
860 3690 1001 3762 πλησιάζειν
1020 3691 1095 3751 τινάς,
1121 3691 1163 3743 καὶ
1180 3690 1262 3750 εὐδὺς
1277 3688 1373 3748 αὐτοὺς
1388 3686 1510 3755 φονεύειν.

351 3774 436 3844 Quam
464 3775 571 3846 quidem
598 3777 804 3848 explicationem
831 3776 928 3833 falsam
955 3794 1018 3835 esse
1035 3781 1107 3834 recte
1124 3778 1245 3834 Kleinius
1262 3778 1280 3833 l.
1299 3792 1322 3832 c.
1341 3774 1438 3842 sensit,
1465 3774 1512 3845 qul

350 3881 402 3920 non
424 3864 482 3921 siue
501 3865 617 3936 quadam
634 3867 689 3921 veri
707 3866 798 3937 specie
821 3883 881 3922 eam
905 3883 938 3922 ex
957 3867 1016 3923 loco
1035 3867 1232 3939 Aristophaneo
1254 3866 1364 3922 fluxisse
1388 3863 1511 3935 conjecit.

351 3952 416 4010 Sola
434 3954 461 4009 in
480 3971 533 4010 uno
553 3955 656 4012 scholio
675 3956 702 4010 in
721 3955 803 4012 Arist.
822 3956 896 4011 Eccl.
917 3957 985 4012 1029
1002 3957 1106 4028 legItur.

307 4076 310 4081 ,
422 4044 444 4112 ⁸)
462 4043 663 4100 Ecclesiamsae
681 4060 747 4100 sane
765 4043 916 4100 laudandae
934 4047 1018 4100 erant.

423 4133 445 4200 ι)
462 4131 560 4189 Suidas
587 4134 625 4202 (et
642 4133 794 4204 Arscnius):
822 4135 850 4187 ἐν
878 4138 912 4207 τῇ
936 4135 1028 4207 σελήνῃ
1055 4136 1085 4188 δὲ
1107 4135 1165 4188 ἰδὼν
1190 4141 1234 4204 τῆν
1258 4133 1328 4193 σκιὰν
1352 4137 1398 4187 τοῦ
1415 4133 1512 4202 ξίφους.

352 4220 393 4277 cf.
412 4220 514 4277 Conon.

424 4311 445 4380 ι)
464 4308 573 4367 Suidas:
595 4313 672 4366 παίων
691 4313 770 4366 αὐτοῦ
789 4316 828 4383 τῷ
845 4312 912 4380 ξίφει
931 4313 959 4365 τδ
975 4313 1146 4383 μετάφρενον.
1184 4310 1360 4366 Consentiunt
1377 4313 1473 4365 cetera.

1647 4020 1665 4195 φ

1643 4221 1664 4345 l
