3334 5042
832 306 839 353 i

931 379 946 426 8

371 565 374 571 ·
466 548 575 608 Danae
603 549 688 607 nuda
709 549 836 606 inlecto
857 550 999 617 accubat,
1023 549 1145 607 inferior
1162 550 1296 626 corporis
1316 568 1385 626 pars
1414 551 1513 608 deest.

368 652 483 709 Aurum
505 650 604 710 lineae
626 648 727 708 fulvae
748 648 846 708 instar
866 650 1027 709 delabitur.

876 848 1004 910 Gemma.

469 972 496 1029 9.
518 968 717 1044 Amethystus
740 967 810 1025 olim
833 986 851 1026 a
872 968 967 1026 libero
982 969 1097 1025 barone
1123 968 1163 1026 de
1180 966 1328 1026 Gleichen
1348 948 1509 1044 possessus

369 1073 417 1131 ed
444 1067 605 1129 Overbeck
626 1070 644 1129 l,
667 1087 691 1130 c.
716 1068 939 1127 Gemmentafel
960 1068 988 1125 V
1010 1072 1038 1130 4.

470 1172 581 1229 Danae
602 1172 696 1239 nuda,
722 1170 779 1227 nisi
802 1171 887 1245 quod
916 1189 1001 1228 crura
1020 1171 1203 1228 vestimento
1226 1171 1373 1240 velantur,
1406 1172 1447 1229 ad
1479 1173 1511 1232 d.

374 1273 513 1333 subsidet
533 1273 673 1331 manibus
694 1271 821 1330 sublatis
842 1279 945 1347 guttas
968 1273 1116 1331 rotundas
1138 1273 1292 1349 excipiens
1303 1268 1323 1333 ¹.
1381 1303 1392 1335 1

858 1470 1012 1529 Nummus.

475 1593 521 1653 10.
545 1589 582 1650 Ν.
604 1589 733 1666 Argivus
757 1587 907 1646 Hadriani
931 1606 1007 1647 mus.
1027 1588 1099 1649 Brit.
1121 1589 1172 1647 ed.
1195 1588 1345 1658 Gardner‚
1372 1592 1512 1654 numism.

367 1712 477 1753 comm.
500 1701 533 1752 to
556 1691 645 1753 Paus.
667 1692 728 1751 tab.
752 1689 813 1748 GG
834 1690 946 1751 XXIII.

470 1795 579 1854 Danae
600 1795 632 1852 in
654 1793 727 1851 sella
747 1793 788 1849 ad
810 1810 833 1854 s,
856 1793 947 1851 sedet
967 1792 1109 1851 manibus
1130 1793 1343 1853 vestimentum
1356 1796 1512 1870 pandens;

369 1897 453 1956 sinus
469 1897 588 1955 videtur
609 1896 710 1954 nudus
730 1910 807 1954 esse.

446 2176 488 2252 Β.
527 2175 657 2250 Danae
684 2175 732 2251 ab
758 2174 912 2250 Acrisio
940 2185 1050 2272 putre
1076 2201 1187 2252 areae
1213 2179 1434 2274 imponitur.

768 2329 847 2388 Vasa
867 2329 947 2401 pieta
965 2329 1016 2402 fta.
1038 2329 1105 2388 rob.

468 2465 494 2522 l.
516 2461 664 2520 Craterae
688 2461 749 2520 Al
776 2477 846 2535 pars
869 2461 974 2521 altera.

465 2566 501 2623 In
523 2582 594 2634 arca
617 2563 732 2621 Danae
754 2563 795 2619 ad
818 2562 849 2622 d.
873 2570 935 2621 stat
949 2563 1094 2623 Perseum
1116 2565 1233 2622 nudum
1247 2563 1369 2622 brachio
1387 2573 1516 2637 tenens,

367 2686 395 2728 a.
419 2684 440 2728 s.
465 2667 550 2725 faber
570 2665 716 2741 lignarius
737 2681 831 2739 super
853 2682 955 2723 arcam
983 2683 1016 2723 se
1047 2666 1194 2724 inclinans
1224 2664 1365 2725 terebra2
1389 2668 1418 2725 ei
1445 2685 1517 2743 ope·

367 2784 431 2828 ram
456 2768 518 2827 dat.
562 2767 601 2826 D.
623 2766 756 2824 Acrisius
786 2774 848 2824 stat
880 2783 1004 2824 manum
1025 2767 1055 2826 d.
1078 2768 1279 2843 protendens,
1306 2787 1330 2829 s,
1353 2769 1521 2844 scipionem

368 2864 506 2928 tenensss.

466 2972 505 3037 2„
522 2970 653 3029 Cratera
669 2967 845 3028 Caeretana
862 2988 937 3028 mus.
962 2969 1114 3046 Petropol.
1131 2989 1160 3030 n.
1180 2971 1271 3031 1357.
1297 2973 1348 3032 ed.
1372 2971 1521 3042 Welcker,

369 3073 446 3132 Anu.
473 3070 558 3132 Mon.
580 3072 657 3131 Inst.
682 3072 761 3130 1856
785 3072 847 3131 tab.
871 3074 900 3143 8,
925 3073 960 3130 Α.
974 3070 1012 3130 D.
1029 3069 1066 3130 V.
1090 3072 1154 3130 tab.
1172 3074 1221 3148 17,
1236 3074 1266 3143 2,
1282 3070 1442 3131 Overbeck
1457 3074 1475 3131 l.
1492 3091 1519 3132 c.

368 3175 456 3234 Atlas
481 3175 543 3234 tab.
566 3172 653 3233 v14.

466 3274 605 3334 Mediam
637 3274 786 3351 picturam
821 3291 892 3331 arca
921 3283 1018 3352 tenet,
1045 3274 1094 3331 cui
1118 3290 1183 3333 as.
1215 3275 1392 3349 operculum
1424 3274 1521 3349 affigit

367 3378 496 3438 iuvenis,
533 3377 561 3436 S.
583 3376 718 3434 Acrisius
741 3383 804 3433 stat
818 3393 943 3432 manum
959 3393 983 3434 s.
1000 3375 1128 3444 toliens;
1152 3376 1215 3434 ad.
1234 3376 1342 3433 mulier
1354 3370 1519 3453 (Eurydice

367 3473 519 3558 nimirum)
543 3477 665 3537 accedit
685 3477 827 3534 manibus
854 3477 1014 3553 protentis,
1042 3494 1133 3553 quam
1163 3478 1300 3554 sequitur
1320 3477 1430 3536 Danae
1454 3496 1519 3536 ma-

368 3600 441 3640 num
463 3582 494 3642 d.
518 3581 636 3648 tollens
659 3596 682 3638 s,
698 3576 845 3637 Perseum
868 3577 1018 3636 infantem
1040 3587 1177 3653 portans,
1200 3579 1251 3653 qui
1273 3587 1304 3637 et
1320 3580 1386 3655 ipse
1404 3587 1519 3638 utrum·

368 3701 427 3759 que
449 3680 607 3739 brachium
628 3679 794 3756 protendit.

370 3838 568 3850 ..----—--

467 3955 479 3992 1
494 3956 537 4007 De
556 3954 666 4021 reliquis
685 3970 753 4020 quae
774 3956 808 4004 ad
826 3956 936 4006 Danaen
954 3944 1102 4006 referuntur
1121 3956 1230 4020 gemmis
1250 3958 1282 4008 cf.
1303 3921 1443 4008 Dverbeck
1461 3959 1481 4010 l.
1495 3976 1519 4011 c.

366 4062 393 4112 p.
413 4044 479 4099 409.

468 4130 538 4186 ²Ita
558 4134 744 4201 appellandum
763 4148 820 4184 esse
838 4133 906 4184 illud
926 4134 1126 4185 instrumentum
1144 4135 1318 4213 Heydemauu
1338 4135 1427 4186 docuit
1438 4137 1474 4188 A.
1485 4140 1514 4189 Z.

369 4223 440 4278 1872
458 4240 484 4290 p.
503 4223 546 4277 37.

469 4308 623 4362 ³Nominis
641 4312 739 4361 Acrisii
758 4313 830 4375 quod
851 4312 1009 4376 adscriptum
1028 4313 1149 4361 videmus
1175 4313 1202 4361 in
1230 4312 1454 4372 delineadonibus,
1481 4329 1517 4362 ne

367 4401 508 4467 vestigium
528 4401 633 4470 quiden
651 4401 744 4453 adesse
762 4400 892 4470 Stephani
909 4400 1049 4453 confirmat.
