3334 5042
863 321 898 375 te

310 494 348 552 ab
379 495 511 570 imagine
546 497 717 555 clarissima.
763 496 863 556 Valde
892 498 1063 555 dolendum
1095 506 1143 556 est
1175 500 1261 573 quod
1288 498 1354 558 Ca
1386 518 1449 558 non

307 596 415 657 melius
437 606 484 655 est
506 606 639 672 servata3
672 616 739 658 eam
768 599 850 656 enim
876 599 999 675 propius
1022 617 1115 675 qnam
1142 598 1274 675 reliquas
1295 602 1406 659 abesse
1427 619 1448 657 a

307 699 428 774 pictura
447 699 585 774 originali
605 707 727 775 praeter
748 699 911 776 figurarum
933 717 1090 759 numerum
1118 717 1157 758 eo
1187 719 1310 777 quoque
1336 701 1452 777 proha·.

307 808 362 869 tur,
394 801 480 874 quod
503 799 628 859 Danaes
651 803 747 860 vultus
771 803 911 860 dolorem
934 803 1082 878 exprimit,
1118 812 1150 860 et
1173 803 1258 879 quod
1280 802 1448 877 piscatores

307 900 349 958 ihi
370 917 433 958 non
455 910 526 958 sunt
547 902 673 961 iuvenes
693 904 823 977 graciles
845 912 878 962 et
907 905 1065 981 elegantes
1091 913 1125 962 ut
1148 905 1179 961 in
1201 901 1227 961 C
1249 907 1279 982 4,
1315 905 1372 961 sed
1392 904 1448 962 ho·

307 1000 405 1060 mines
420 1002 606 1062 robustiores
621 1012 714 1080 atque
734 1005 919 1091 rusticiores.
963 1004 1055 1063 Unde
1077 1005 1289 1080 intellegimus,
1313 1006 1365 1082 qui
1385 1005 1449 1062 fieri

308 1102 451 1181 potuerit,
485 1113 519 1162 ut
542 1102 630 1162 Plinii
653 1115 760 1164 auctor
791 1107 960 1182 piscatores
989 1107 1117 1165 haberet
1143 1122 1199 1182 pro
1230 1107 1450 1182 praedonibus;

311 1222 413 1281 neque
435 1223 514 1281 opus
536 1214 584 1264 est
605 1213 638 1263 ut
659 1207 690 1264 in
712 1206 797 1264 Plinii
817 1216 934 1267 textum
956 1209 1137 1284 recipiamus
1156 1206 1347 1282 Dalecampii
1368 1222 1451 1264 com-

309 1314 445 1365 mentum
468 1295 705 1383 ‘piscatoribus'.

409 1407 516 1468 Talem
531 1410 786 1485 compositionem
797 1412 920 1486 qualem
934 1412 1084 1486 praebent
1096 1412 1232 1487 picturae
1244 1409 1450 1485 Pompeianae

309 1504 438 1568 Brunu1
459 1510 568 1569 maluit
589 1511 765 1569 adscribere
788 1510 817 1568 N
829 1511 839 1568 i
852 1530 869 1569 c
880 1512 890 1568 i
902 1529 951 1568 ae
972 1510 1160 1590 Atheniensi,
1188 1529 1281 1588 quem
1302 1511 1453 1568 amavisse

309 1610 466 1670 hominum
495 1612 656 1670 multorum
688 1621 719 1670 et
749 1614 831 1673 varie
861 1621 1013 1671 motorum
1045 1613 1165 1672 tabulas
1192 1632 1212 1670 e
1234 1612 1379 1672 Demetrii
1401 1611 1452 1688 qui

310 1720 439 1772 vocatur
460 1711 553 1771 loco⁸
581 1714 712 1789 collegit.
757 1714 872 1773 Verum
901 1725 936 1773 ut
968 1724 1088 1772 taceam
1121 1732 1291 1790 pugnarum
1320 1714 1452 1788 picturas

310 1815 416 1889 quales
443 1817 526 1891 apud
547 1815 737 1874 Demetrium
760 1826 959 1892 personatum
981 1815 1085 1874 Nicias
1115 1816 1215 1891 poscit
1242 1815 1335 1874 etiam
1361 1815 1452 1890 longe
1476 1812 1478 1816 ’

309 1915 420 1973 abesse
442 1933 461 1973 a
481 1919 683 1992 piscatoribus
705 1917 838 1977 Danaen
869 1919 1101 1986 admirantibus,
1133 1918 1302 1976 admodum
1333 1916 1452 1984 dubito,

310 2032 383 2075 num
407 2034 444 2074 ex
465 2018 515 2075 illo
537 2018 565 2075 11
584 2036 613 2093 p.
630 2018 698 2079 Chr.
717 2037 748 2078 n.
763 2020 875 2078 saeculi
889 2019 1013 2077 rhetore
1030 2020 1104 2078 certi
1126 2019 1200 2094 quid
1222 2018 1335 2077 hauriri
1354 2018 1453 2093 possit

311 2119 352 2176 ad
373 2120 601 2177 aestimandum
623 2119 667 2177 IV
682 2128 709 2178 a:
726 2118 795 2181 Chr.
818 2140 848 2181 n.
872 2120 984 2179 saeculi
1006 2121 1162 2194 pictorem,
1181 2121 1361 2194 praesertim
1382 2123 1452 2177 curn

311 2236 349 2275 ea
382 2218 489 2278 Niciae
524 2238 618 2296 opera
654 2239 783 2297 quorum
819 2223 1025 2281 accuratiores
1062 2223 1176 2280 adsunt
1208 2222 1449 2297 descriptiones:

310 2317 454 2379 Nemea3
476 2330 507 2379 et
528 2323 700 2397 sepulcrum
722 2341 818 2398 prope
834 2323 991 2382 Tritaeam
1012 2342 1032 2382 a
1045 2319 1221 2382 Pausaniae
1243 2323 1341 2381 visum
1357 2322 1450 2397 plane

311 2431 482 2499 repugnent
503 2423 602 2481 verbis
624 2442 643 2482 a
665 2423 823 2483 Demetrio
845 2425 954 2501 pictori
980 2426 1071 2484 datis.
1116 2421 1205 2495 Quae
1227 2442 1296 2482 cum
1316 2424 1359 2481 ita
1380 2423 1452 2491 sint,

310 2523 412 2581 malim
438 2541 508 2581 cum
530 2522 721 2583 Ouerbeckio
744 2526 869 2583 credere
890 2524 1010 2585 Niciam
1035 2526 1169 2602 pinxisse
1190 2525 1322 2584 Danaen
1344 2541 1451 2584 aurum

311 2625 546 2704 concipientem,
568 2644 661 2702 quarn
682 2627 808 2702 quidem
828 2626 904 2685 illius
924 2627 1032 2685 aetatis
1049 2626 1290 2687 Atheniensibus
1306 2625 1450 2695 dilectam

311 2725 404 2785 fuisse
426 2735 459 2784 et
480 2728 616 2801 lecythus
637 2728 808 2786 multicolor
828 2726 887 2787 ΑΒ
908 2737 941 2786 et
962 2728 1125 2787 Menandri
1148 2743 1252 2785 versus
1274 2724 1450 2782 aTerentio

312 2820 408 2903 (Eun.
429 2827 473 2886 111
495 2833 524 2898 b,
547 2826 601 2904 35)
622 2830 758 2887 translati
778 2838 939 2888 testantur.

409 2930 531 2988 Scilicet
552 2931 630 2988 iuter
650 2931 800 3006 parietum
814 2924 1073 3006 Pompeianarum
1087 2930 1219 3006 picturas
1241 2947 1308 3001 eae,
1331 2928 1362 2985 in
1386 2926 1452 3003 qui-

311 3032 368 3089 hus
383 3030 493 3089 Danae
515 3033 641 3092 imbrem
662 3050 788 3090 aureum
803 3032 926 3109 excipit,
949 3033 1047 3089 minus
1063 3033 1143 3091 bene
1158 3032 1353 3106 excogitatae
1368 3036 1450 3097 sunt,

311 3149 403 3206 quam
424 3149 505 3206 quae
527 3134 569 3191 ad
590 3134 672 3190 clara
694 3133 879 3208 exemplaria
898 3133 1073 3190 revocanda
1089 3133 1157 3191 sint.
1190 3131 1285 3205 Quod
1307 3130 1338 3187 in
1350 3130 1378 3186 A
1390 3130 1452 3198 5,6

311 3231 420 3290 Danae
447 3243 533 3293 stans
562 3235 644 3308 picta
674 3243 729 3302 est,
763 3233 844 3291 adeo
867 3233 999 3291 alienum
1021 3242 1070 3290 est
1098 3251 1118 3289 a
1140 3232 1250 3303 fabula,
1286 3239 1319 3287 ut
1339 3230 1451 3304 figuras

311 3333 377 3392 illas
400 3353 419 3392 a
441 3333 546 3393 Ledae
570 3335 671 3409 potius
693 3329 900 3408 imaginibus⁵
929 3333 1033 3408 inepte
1063 3334 1225 3392 translatas
1248 3351 1318 3391 esse
1339 3331 1453 3406 Helbig

310 3437 508 3511 perspexerit.
550 3435 616 3492 Nec
641 3436 741 3493 minus
764 3436 905 3493 socordis
936 3434 1057 3494 artificis
1086 3444 1143 3506 est,
1177 3437 1262 3510 quod
1282 3437 1314 3491 in
1335 3435 1363 3491 A
1384 3434 1412 3502 6,
1437 3437 1454 3492 7

312 3547 434 3612 praeter
456 3555 563 3596 aurum
583 3537 718 3613 luppiter
740 3537 805 3612 ipse
826 3538 925 3595 adest.
968 3535 1040 3594 Sine
1069 3536 1164 3593 dubio
1197 3537 1236 3594 ibi
1269 3535 1454 3593 commixtae

312 3645 384 3695 sunt
405 3639 484 3695 duae
507 3637 628 3697 fabulae
649 3638 781 3708 sormae3
803 3646 924 3695 veteres
947 3637 1028 3694 enim
1049 3637 1110 3694 iam
1129 3636 1251 3695 fabulae
1272 3639 1454 3711 interpretes

313 3747 346 3794 ut
368 3735 582 3814 Pherecydes⁶
603 3740 708 3796 Iovem
729 3756 792 3796 non
815 3739 874 3796 nisi
896 3740 937 3796 ad
952 3738 1178 3814 penetrandum
1194 3746 1308 3797 tectum
1324 3753 1455 3794 aeneum

411 3900 422 3938 1
441 3904 542 3956 Griech.
561 3903 783 3967 Kiinstlergesch.
803 3905 831 3954 ΙΙ
849 3921 875 3969 p.
895 3903 955 3956 200.

409 3988 557 4043 2Demetr.
577 3993 610 4042 de
630 3993 693 4044 eloe.
713 3991 755 4044 76.

412 4077 511 4133 ΒΡΙὶιι.
529 4080 572 4141 35.
591 4080 635 4133 37.

409 4166 422 4239 ⁴.
439 4171 481 4221 ΠΙ
499 4168 545 4237 22,
561 4170 586 4222 6.

412 4256 484 4311 ⁵Cf.
504 4274 546 4312 nu.
567 4257 707 4312 145-151
727 4258 842 4322 catalogi
859 4257 1020 4321 Helhigiani.

412 4344 531 4406 ⁶Schol.
551 4349 604 4419 Ap.
622 4348 713 4399 Rhod.
732 4346 772 4403 IV
792 4346 870 4401 1091.
