3334 5042
367 410 489 441 e.
745 395 779 452 51

197 581 332 650 tempore
360 575 508 633 artissime
533 576 610 633 inter
637 593 669 633 se
698 576 863 633 cohaerere
890 585 1029 652 apparet;
1063 596 1111 635 ars
1138 586 1241 635 autem
1267 596 1337 654 pro·

195 675 273 759 nime
296 676 383 733 abest
407 694 425 732 a
446 675 565 751 magnis
588 693 665 751 quos
687 693 832 735 vocamus
861 684 1031 750 paterarum
1058 678 1233 753 pictoribus,
1275 679 1337 736 Re·

196 778 350 834 censenda
372 786 440 835 sunt
461 795 533 835 vasa
556 785 658 835 nostra
679 777 757 834 inter
779 785 912 834 crateras
936 778 1053 851 magnis
1078 779 1179 853 liguris
1202 787 1335 850 ornatas,

196 896 322 953 quarum
344 879 427 937 nulla
447 878 570 936 artificis
594 879 718 936 nomine
742 878 884 952 insignita
906 887 953 936 est
968 874 989 940 ¹.

291 980 449 1038 Habemus
473 980 564 1055 igitur
586 988 683 1037 toturn
707 980 821 1054 cyclum
844 980 1026 1054 picturarum
1054 983 1095 1039 ad
1115 981 1246 1040 Danaen
1268 1001 1335 1059 per·

194 1082 353 1139 tinentium
380 1083 466 1139 intra,
488 1081 583 1156 prima
609 1081 726 1139 saeculi
750 1082 845 1156 quinti
873 1083 1023 1140 decennia
1044 1082 1171 1140 Athenis
1193 1091 1336 1160 omarum,

195 1199 270 1258 quas
289 1200 352 1240 non
374 1182 417 1240 ita
437 1183 532 1240 multo
553 1192 624 1258 post
646 1191 752 1241 secuta
776 1190 823 1239 est
843 1192 961 1242 cratera
977 1182 1167 1242 Cataniensis
1180 1185 1239 1244 Ns
1263 1204 1335 1244 con·
1414 1241 1416 1244 ,

194 1284 292 1341 tineus
315 1283 512 1360 Polydectem
535 1302 637 1343 coram
660 1280 795 1342 Danae2
817 1303 835 1341 a
858 1285 971 1343 Perseo
1001 1286 1032 1342 in
1055 1285 1188 1359 lapidem
1210 1304 1332 1344 conver·

194 1386 329 1445 tendum.

292 1488 364 1560 Quo
388 1488 501 1546 sactum
524 1498 579 1566 est,
614 1500 647 1547 ut
679 1491 781 1550 fabula
808 1501 901 1549 antea
931 1491 1092 1551 artificibus
1119 1493 1225 1566 ignota
1250 1500 1335 1550 tanta

195 1590 413 1665 subit00gratia
437 1592 521 1665 apud
542 1572 838 1668 vasorum'pietores
860 1588 998 1650 floreret?
1043 1591 1124 1650 Casu
1147 1594 1195 1650 vix
1214 1595 1334 1669 accidit,

194 1695 278 1768 quod
300 1694 411 1751 eodem
432 1701 569 1768 ternpore
593 1711 654 1768 quo
677 1712 751 1752 vasa
772 1702 878 1751 nostra
901 1694 982 1751 facta
1005 1704 1086 1762 sunt,
1109 1695 1253 1772 Aeschyli
1275 1704 1334 1754 tra·

194 1796 313 1868 goediis
339 1794 443 1852 fabula
470 1793 610 1851 Danaeia
641 1795 877 1853 Atheniensibus
911 1804 983 1853 ante
1010 1797 1114 1854 oculos
1145 1798 1245 1872 posita
1277 1809 1334 1860 est.

194 1896 265 1968 Quo
289 1904 390 1955 autem
412 1898 507 1954 modo
524 1904 638 1972 poetae
654 1898 785 1954 scaenici
804 1898 1018 1972 inspiraverint
1033 1915 1174 1955 vasorum
1191 1900 1333 1976 pictoreS,

194 1999 333 2055 nondum
354 1998 428 2054 satis
450 2006 607 2074 expertum
629 2007 690 2068 est;
722 1994 793 2056 uani
819 1998 928 2075 figulos
949 2016 1011 2056 non
1031 2000 1169 2074 potuisse
1191 2018 1335 2060 scaenam

197 2098 342 2172 tragicam
370 2099 523 2157 delineare
550 2099 643 2156 hodie
672 2100 751 2156 inter
777 2100 855 2157 viros
885 2101 996 2158 doctos
1026 2107 1157 2159 constat.
1201 2099 1249 2157 De
1275 2119 1336 2158 una

118 2209 121 2213 ’
194 2201 328 2275 quadam
345 2200 402 2275 via,
427 2218 487 2276 qua
508 2201 661 2258 interdum
683 2199 815 2258 fortasse
835 2202 1036 2277 explicandus
1055 2202 1093 2258 sit
1109 2203 1335 2276 tragoediarum

195 2309 226 2357 et
247 2319 388 2360 vasorum
410 2319 588 2371 consensus
611 2300 689 2360 infra
711 2303 922 2377 disputaturus
946 2320 1021 2361 sum.

289 2404 408 2462 Eadem
431 2411 532 2462 aetate
554 2419 616 2480 qua
638 2421 711 2462 vasa
733 2405 806 2462 artis
829 2421 954 2461 severae
976 2404 1058 2479 picta
1080 2413 1157 2483 sunt,
1181 2415 1266 2464 ortus
1285 2416 1334 2465 est

191 2505 444 2580 sarcophagus
466 2506 612 2581 cyprius
635 2505 665 2563 K
688 2507 736 2580 28,
771 2522 863 2582 quem
890 2506 981 2563 ionici
1008 2506 1130 2564 artificis
1160 2525 1236 2581 opus
1265 2526 1334 2565 esse

194 2615 225 2664 et
239 2605 391 2664 Medusae
411 2607 512 2666 tunica
534 2608 626 2682 longa
649 2616 680 2666 et
701 2607 835 2685 Pegasus
858 2606 1070 2684 Chrysaorque
1093 2628 1132 2666 ex
1153 2607 1231 2665 illius
1254 2609 1333 2666 collo

191 2709 398 2782 prominentes
426 2709 591 2769 declarant.
635 2706 683 2767 De
712 2710 814 2768 cibisis
844 2709 939 2767 forma
968 2702 1112 2784 singulari
1129 2706 1246 2786 supra3
1268 2711 1333 2785 egi;

190 2817 350 2884 praeterea
373 2819 476 2869 autem
499 2812 699 2887 explicandus
720 2821 769 2869 est
790 2812 883 2880 caniS,
907 2812 957 2887 qui
980 2813 1059 2868 inter
1076 2811 1238 2869 Medusam
1261 2829 1333 2869 con·

189 2912 343 2969 cidentem
358 2921 388 2970 et
404 2912 548 2971 Perseum
570 2915 775 2972 decedentem
798 2915 897 2972 sedet.
941 2912 1084 2970 Similiter
1104 2913 1136 2970 in
1158 2913 1330 2989 anaglypho

194 3013 331 3091 Trysaeo
354 3015 384 3079 K
406 3017 445 3074 29
469 3014 584 3090 aliquot
604 3016 760 3073 decenniis
781 3023 852 3090 post
876 3023 944 3071 orto
966 3013 1065 3071 bestia
1086 3016 1240 3089 quaedam
1262 3014 1330 3073 cani

192 3116 294 3174 similis
317 3125 388 3193 post
410 3118 517 3176 collem
540 3118 639 3193 sedet,
663 3135 753 3193 quern
769 3116 898 3174 Perseus
922 3115 1143 3191 praetercurrit.
1188 3114 1265 3188 Quis
1287 3125 1332 3173 est

188 3236 389 3249 -n-—d—

289 3297 301 3334 ¹
319 3301 359 3352 Cf⁴
378 3317 402 3351 v.
422 3299 540 3349 Rohden
559 3299 629 3364 apud
641 3298 853 3348 Baumeisterum
867 3297 981 3349 Denkm.
1000 3298 1041 3346 III
1059 3314 1085 3362 p.
1100 3295 1177 3349 1990.
1213 3298 1332 3347 Proxime

189 3404 205 3439 a
223 3388 292 3439 vasis
312 3388 408 3439 nostris
427 3386 519 3437 abesse
538 3387 688 3453 amphoram
708 3387 797 3438 Croesi
816 3402 884 3451 quae
904 3392 1011 3435 vocatur
1028 3383 1078 3451 (M.
1098 3386 1124 3437 d.
1143 3386 1165 3436 1.
1188 3383 1255 3448 154)
1274 3400 1332 3450 per·

194 3478 280 3544 spexit
298 3476 384 3527 Klein
402 3477 572 3542 Euphronios
591 3493 616 3542 p.
645 3475 689 3530 44.

287 3560 299 3598 2
316 3565 452 3615 Mulierem
471 3565 607 3614 sedentem
619 3565 729 3615 Danaen
745 3563 879 3631 appellare
899 3563 1086 3613 dubitaverunt
1104 3562 1153 3612 viri
1172 3563 1252 3623 docti,
1272 3562 1333 3628 quia

190 3660 251 3703 tunc
269 3652 361 3704 Danae
379 3653 498 3719 exposita
521 3660 591 3703 esset
612 3654 762 3716 Gorgoneo.
799 3653 871 3703 Non
891 3659 956 3718 puto
984 3653 1021 3702 ita
1046 3651 1246 3715 intelligendum
1272 3668 1331 3702 esse

185 3742 291 3808 pictoris
310 3741 458 3792 consilium.
494 3743 521 3795 Is
541 3742 619 3807 enim,
638 3757 696 3791 cum
711 3742 879 3805 Gorgoneum
899 3756 914 3789 a
931 3741 1013 3790 latere
1032 3747 1202 3809 conspectum
1222 3741 1330 3806 pingere

188 3846 244 3882 non
256 3838 354 3897 posset,
373 3827 473 3901 fecitJaJ
482 3831 567 3880 fronte
584 3837 764 3896 conspectum3
785 3830 872 3879 animo
891 3836 978 3879 autem
996 3828 1148 3892 fingendum
1159 3837 1199 3879 est
1216 3828 1283 3878 illud
1297 3829 1331 3878 ad

189 3920 305 3971 dextram
323 3936 480 3972 conversum
503 3935 569 3970 esse.
606 3920 697 3984 Itaque
718 3919 770 3967 vim
796 3919 853 3968 eius
876 3919 1037 3983 experientur
1057 3924 1083 3966 et
1101 3933 1147 3966 rex
1165 3925 1190 3966 et
1208 3917 1252 3981 qui
1270 3923 1331 3982 post

187 4025 249 4059 eum
267 4016 318 4060 stat
335 4010 387 4069 vir;
407 4008 563 4076 Polydectes
585 4009 654 4059 enirn
673 4010 700 4058 in
718 4008 835 4073 lapidem
848 4022 987 4058 conversus
1008 4013 1048 4055 est
1066 4021 1135 4055 cum
1153 4005 1221 4054 suis
1240 4019 1332 4055 secun·

184 4099 249 4148 dum
267 4097 448 4164 Pherecydem
466 4096 558 4166 (schol.
571 4098 625 4162 Ap.
644 4096 701 4147 Rh.
719 4097 758 4146 IV
778 4094 871 4158 1515);
898 4111 950 4145 non
969 4093 1081 4144 afficitur
1100 4092 1189 4158 capitis
1208 4093 1234 4141 vi
1252 4093 1331 4142 noxia

146 4250 152 4259 .
183 4186 281 4237 mulier
299 4187 332 4236 ab
352 4185 431 4236 altera
448 4186 541 4235 Persei
559 4192 632 4251 parte
655 4184 758 4235 sedens.
795 4185 853 4248 Qua
882 4198 910 4232 re
938 4198 971 4231 ne
999 4197 1064 4249 opus
1091 4188 1132 4231 est
1158 4180 1274 4248 quidem,
1302 4189 1330 4230 ut

183 4290 244 4326 cum
263 4275 358 4325 Iahnio
376 4281 498 4339 putemus
510 4272 644 4338 Gorgonei
656 4273 708 4322 vim
726 4272 754 4321 in
765 4271 867 4337 pictura
881 4277 971 4322 nostra
984 4270 1116 4321 sublatam
1131 4267 1327 4340 (arrapendiert)

185 4366 268 4418 esse.¹
289 4364 418 4415 Similiter
435 4363 462 4412 in
480 4365 507 4413 N
525 4362 542 4416 ἵ)
561 4363 662 4428 Dictys
675 4377 729 4412 non
748 4363 884 4427 expositus
904 4369 944 4410 est
963 4360 1040 4425 capiti
1060 4359 1172 4413 letifero.

290 4449 345 4527 ⁸p.
363 4451 407 4506 43.
