3334 5042
793 467 1014 544 ..66-

319 675 507 758 quibusdam
531 676 666 759 positam
689 695 756 739 esse
780 673 949 752 ducebant,
981 696 1062 757 quae
1089 674 1121 738 iu
1146 673 1268 757 templo
1294 673 1411 738 Vestae
1435 694 1487 737 oo·

319 782 439 847 cultata
462 787 574 847 essent.
622 781 730 864 Atque
762 785 799 845 ut
832 781 866 844 in
902 780 962 845 boo
985 780 1104 863 templo
1132 779 1308 845 Palladium
1333 780 1487 844 custodiri

317 888 462 954 homines
497 889 662 953 crederent
695 888 764 951 sine
800 885 897 951 dubio
926 907 963 951 ea
987 885 1026 950 de
1049 907 1144 950 causa
1167 885 1288 951 factum
1312 892 1369 950 est.
1416 884 1487 948 Huc

318 994 446 1061 accedit
469 995 554 1079 quod
577 995 611 1057 in
634 993 737 1057 tutela
760 992 923 1058 Minervae
947 994 1023 1057 urbs
1046 1015 1113 1057 esse
1136 994 1336 1070 credebatur,
1360 1029 1404 1036 —
1429 1011 1486 1055 an-

320 1102 382 1166 cile
406 1102 520 1166 deinde
542 1100 745 1165 notissimum
769 1098 878 1164 Numa
900 1105 1058 1184 regnante
1083 1100 1121 1163 de
1137 1099 1225 1162 caelo
1247 1103 1285 1162 ut
1308 1097 1487 1162 Palladium

317 1208 481 1272 desiluisse
516 1206 602 1271 fama
636 1210 718 1271 erat.
774 1205 853 1271 cum
888 1204 1026 1269 Palladii
1061 1210 1171 1288 raptus
1205 1205 1344 1287 denique
1379 1204 1486 1267 fabula

274 1313 436 1378 ''Graeca
458 1310 692 1378 incantationes
715 1313 790 1376 illae
812 1311 974 1376 Romanae
1003 1312 1219 1389 consentiunt,
1244 1333 1325 1395 quae
1352 1312 1445 1373 nobis
1468 1334 1486 1372 a

317 1419 422 1485 Plinio
444 1418 497 1498 (N.
523 1419 564 1483 H.
589 1419 690 1497 28,4‚
709 1419 763 1499 18)
785 1425 817 1483 et
840 1415 1096 1495 Macrobio(Sat.
1113 1417 1211 1497 1119)
1233 1420 1378 1481 servatae
1401 1422 1485 1492 sunt;

315 1531 413 1611 atque
435 1526 499 1590 huc
522 1527 664 1590 narratio
687 1525 826 1608 pertinet
851 1547 915 1609 qua
939 1522 1091 1587 Camillus
1118 1522 1278 1588 Junonem
1301 1523 1485 1607 Vejentium

316 1632 496 1697 evocavisse
520 1635 552 1696 et
576 1632 654 1694 urbe
677 1635 770 1713 capta
793 1631 871 1694 deae
895 1630 1036 1714 effigiem
1051 1628 1186 1694 Romam
1205 1630 1352 1695 attulisse
1369 1630 1486 1694 dieitur

281 1754 283 1757 ·
315 1735 400 1824 (Liv.
422 1737 450 1801 V
474 1736 527 1814 21,
553 1738 604 1801 22.
630 1734 676 1800 Cf.
701 1735 746 1800 Vl
770 1735 833 1816 29).

404 1842 488 1908 Illud
513 1848 621 1907 autem
644 1842 818 1925 Trojanum
853 1840 965 1925 templi
1001 1840 1119 1906 Vestae
1142 1840 1347 1907 simulacrum
1370 1846 1485 1907 mirum

314 1951 346 2014 in
381 1951 511 2013 modum
545 1969 617 2012 oum
645 1948 827 2012 narratione
851 1948 1002 2031 conjungi
1025 1950 1148 2013 solebat
1176 1969 1258 2029 quae
1280 1950 1320 2012 ad
1344 1958 1484 2014 veterem

225 2069 226 2072 ’
314 2057 448 2120 Romam
471 2055 618 2139 pertinet.
664 2052 742 2118 Cum
771 2052 849 2118 belli
884 2054 995 2119 Punici
1029 2055 1125 2137 primi
1148 2056 1343 2139 temporibus
1365 2080 1393 2119 a.
1420 2056 1481 2119 241

312 2163 469 2246 templum
509 2159 628 2225 Vestae
670 2160 796 2224 arderet
837 2160 1046 2244 Vestalesque
1088 2162 1280 2244 perterritae
1322 2160 1481 2246 fugerent,

314 2269 349 2334 1..
367 2267 513 2333 Metellus
537 2265 684 2350 pontifex
708 2267 864 2330 maximus
886 2268 920 2330 in
945 2267 1064 2331 medios
1088 2289 1121 2331 se
1144 2268 1254 2351 injecit
1276 2269 1368 2353 ignes
1385 2275 1483 2351 atque

313 2375 491 2440 Palladium
514 2394 532 2438 e
554 2372 683 2437 flamma
718 2373 846 2456 eripuit.
905 2371 1022 2438 Oculos
1057 2373 1206 2457 perdidit,
1241 2375 1294 2437 sed
1319 2396 1414 2438 curru
1441 2376 1481 2437 ad

313 2482 435 2546 curiam
459 2480 532 2545 vehi
556 2479 693 2563 populus
717 2479 745 2542 ei
768 2480 921 2562 permisit.

402 2587 454 2651 sic
477 2587 652 2651 traditione
675 2583 883 2659 referebatur,
914 2592 1011 2668 atque
1038 2587 1070 2649 in
1096 2588 1256 2671 plerisque
1279 2589 1483 2653 consentiunt

312 2695 485 2777 scriptores
508 2714 548 2755 ex
571 2714 706 2775 quorum
724 2712 859 2755 numero
879 2693 1094 2756 narrationem
1111 2692 1365 2777 vulgatissimam
1389 2694 1482 2757 luisse

312 2801 428 2864 elucet.
476 2799 601 2864 Primus
628 2794 729 2862 Cicero
751 2798 820 2879 (pro
846 2797 963 2861 Scauro
979 2798 1034 2879 48)
1062 2821 1128 2863 rem
1145 2799 1259 2878 refert3
1281 2800 1390 2865 Livius
1412 2823 1480 2864 eam

311 2906 345 2969 in
379 2906 401 2971 l.
429 2906 468 2968 19
502 2905 664 2982 narrabat,
687 2924 782 2987 quem
808 2904 911 2986 ipsum
936 2907 1105 2988 praecipue
1130 2905 1263 2970 Palladii
1286 2907 1481 2971 mentionem

312 3011 433 3089 fecisse,
459 3032 650 3095 quamquam
675 3011 708 3073 in
734 3011 871 3093 epitome
895 3033 1021 3075 »saera«
1047 3016 1176 3076 tautum
1190 3012 1382 3097 legitur,2ex
1397 3012 1480 3077 libro

310 3117 430 3194 XXVl,
451 3117 501 3196 17,
525 3113 600 3196 14¹)
623 3123 656 3180 et
680 3137 720 3179 ex
743 3112 1015 3200 excerptoribus²)
1037 3123 1179 3202 apparet.
1215 3118 1343 3184 Ovidius
1365 3118 1481 3183 deinde

311 3230 458 3288 eventum
481 3224 591 3287 multis
614 3224 721 3288 verbis
736 3224 770 3286 in
787 3223 890 3287 Fastis
905 3221 964 3301 (Vl
981 3224 1045 3287 437
1061 3227 1144 3308 sqq.)
1160 3224 1314 3307 depinxit.
1363 3226 1480 3289 Eadem

206 3386 209 3391 .
311 3330 409 3394 habet
445 3329 567 3394 Plinius
594 3327 642 3416 N.
674 3328 715 3392 H.
743 3327 805 3393 Vll
835 3329 908 3406 141,
938 3331 999 3393 vid.
1035 3332 1129 3395 etiam
1165 3330 1274 3394 ,11111
1311 3332 1479 3410 13,138‚

381 3560 402 3623 ¹)
423 3555 582 3618 „Conditum
606 3556 633 3610 11
652 3556 785 3626 penetrali
808 3556 891 3611 fatale
909 3557 1007 3628 pignus
1025 3558 1130 3629 imperii
1149 3559 1288 3614 Romani.“
1327 3558 1370 3615 cf.
1389 3560 1411 3613 V
1429 3561 1478 3614 52:

310 3644 396 3712 ,Quid
415 3644 449 3698 de
468 3645 584 3700 aeternis
602 3644 700 3700 Vestae
719 3644 826 3715 ignibus
845 3645 984 3717 signoque,
1011 3647 1084 3717 quod
1108 3648 1213 3718 imperii
1236 3648 1333 3718 pignus
1356 3649 1479 3703 custodia

308 3732 365 3804 ejus
384 3732 476 3802 templi
495 3736 609 3801 tenetur,
627 3733 757 3804 loquart“

379 3843 400 3908 ²)
419 3838 540 3895 Valerius
559 3839 692 3894 Maximus
710 3839 722 3893 1
741 3839 793 3908 4,b,
812 3840 977 3909 Augustinus
997 3841 1030 3896 de
1049 3843 1097 3897 civ.
1111 3842 1144 3899 D.
1163 3843 1202 3897 lll
1221 3844 1263 3898 18.
1291 3843 1389 3899 Valerii
1409 3843 1478 3898 llax.

306 3926 389 3983 verba
408 3927 491 3983 affero
510 3931 539 3983 ut
557 3945 611 3999 quo
629 3927 753 4000 prodigio
771 3944 814 3982 res
833 3928 997 3999 amplificata
1014 3930 1094 3986 tuerit
1121 3931 1227 3986 videas:
1257 3931 1340 3994 „Cum
1356 3932 1478 3987 Metellus

306 4018 381 4085 pont.
400 4033 434 4073 m.
453 4015 632 4072 Tusculanum
651 4019 747 4087 petens
771 4016 828 4084 iret,
858 4017 930 4072 corvi
958 4017 1011 4073 duo
1038 4020 1065 4074 in
1093 4036 1124 4074 os
1151 4020 1209 4090 ejus
1232 4021 1373 4077 adversum
1395 4022 1477 4075 veluti

305 4103 367 4181 iter¹
384 4104 561 4175 impedientes
588 4104 782 4160 advolaverunt
809 4106 906 4176 vixque
934 4107 1094 4162 extuderunt
1116 4113 1145 4162 ut
1164 4108 1273 4163 domum
1290 4109 1396 4164 rediret.
1433 4109 1477 4164 ln-

306 4193 429 4263 seqoenti
447 4197 526 4248 nocta
545 4193 626 4248 aedes
647 4193 746 4248 Vestae
768 4195 843 4262 arsit,
862 4210 917 4266 quo
937 4195 1059 4250 incendio
1078 4196 1204 4252 Metellus
1228 4198 1297 4252 inter
1315 4198 1390 4268 ipsos
1408 4198 1478 4267 ignis

304 4285 410 4352 raptum
428 4281 578 4336 Palladium
596 4281 729 4337 incolume
749 4286 889 4338 servavit.“
