3334 5042
663 407 882 469 ..57-

191 599 302 663 Altera
325 602 425 665 versio
449 599 606 666 1Μ11111
628 600 808 683 (11Β11111.
830 624 861 684 p.
881 599 1080 683 108-113),
1102 597 1217 665 Tzetaa
1232 597 1352 682 (Schol.

192 705 230 769 ad
254 705 329 790 Lyc.
354 705 427 785 658,
452 706 560 772 Posth.
584 706 648 773 509
664 706 758 791 squ),
782 705 938 791 Procopio
967 706 1021 787 (de
1045 707 1127 771 bello
1150 706 1239 790 goth.
1263 701 1353 788 Ι15)

193 813 365 877 memoriae
387 814 509 879 tradita
532 821 588 893 est,
618 836 696 897 quos
724 814 850 896 quidem
879 833 938 878 sua
965 835 1002 877 ex
1025 814 1149 880 Joannc
1171 810 1353 877 Antiocheno

191 919 353 984 nonnullis
387 920 483 1004 hujus
517 921 678 1004 scriptoris
713 919 903 1005 fragmentis
941 920 1063 985 collatis
1097 920 1241 984 hausisse
1259 922 1352 1002 'puto

191 1025 302 1110 (FHG.
331 1024 377 1090 IV
392 1050 423 1111 p.
441 1025 501 1091 551
528 1027 590 1114 frg.
615 1028 658 1091 24
676 1054 721 1081 =
741 1026 816 1091 Fixa.
842 1025 937 1091 Salm.
964 1051 995 1111 p.
1012 1027 1094 1106 370,
1123 1026 1143 1090 7
1172 1031 1205 1090 11
1227 1025 1258 1090 8.
1304 1022 1351 1088 Of.

114 1142 120 1153 ⁴
192 1131 295 1197 Tacta.
320 1133 360 1197 ad
383 1133 457 1217 Lyc.
482 1131 570 1218 355).
616 1133 796 1199 Secundum
827 1132 910 1197 hanc
937 1134 1143 1198 traditionem
1174 1131 1352 1196 Palladium

191 1238 242 1324 (ut
274 1239 358 1323 apud
395 1238 599 1324 Sophoclem)
634 1228 720 1304 fur'to
755 1245 911 1304 nocturno
953 1262 973 1303 a
1006 1239 1159 1305 Diomede
1194 1242 1227 1302 et
1261 1237 1353 1304 Vlixe

192 1343 344 1424 aufertur,
369 1348 410 1410 ab
433 1347 594 1412 Antenore
618 1351 651 1411 et
672 1346 796 1412 Theano
817 1347 968 1412 traditur.

627 1526 645 1606 ᾗ
669 1524 698 1588 7.
739 1524 911 1589 Luceria.

279 1647 352 1712 Jam
385 1649 480 1713 redeo
514 1648 552 1712 ad
589 1647 716 1713 fabulas
748 1649 927 1732 populares.
977 1649 1016 1713 In
1050 1647 1183 1713 urbibus
1217 1670 1351 1732 magnae

191 1752 339 1818 Graeciae
379 1754 504 1819 fabulas
543 1754 694 1841 Trojanas
738 1756 969 1839 vulgatissimae
1007 1755 1103 1820 brisse
1141 1759 1254 1820 notum
1292 1761 1349 1820 est.

190 1860 358 1925 Diomedes
389 1863 457 1945 ipse
495 1863 528 1926 in
566 1861 724 1926 Dauniam
760 1882 831 1926 cum
867 1861 1036 1929 comitibus
1070 1862 1250 1944 pervenisse
1280 1863 1351 1945 jam

190 1972 313 2031 remota
336 1970 530 2052 antiquitate
559 1971 655 2052 vulgo
689 1968 874 2033 credebatur
902 1976 999 2052 atque
1023 1969 1239 2052 compluribus
1274 1969 1352 2032 locis

191 2078 227 2136 nt
249 2074 342 2138 heros
366 2081 397 2140 et
424 2076 501 2140 deus
528 2074 689 2139 colebatur
699 2070 733 2155 ι).
779 2075 883 2152 Quid?
911 2076 998 2160 quod
1026 2076 1134 2139 multis
1162 2076 1196 2139 iu
1223 2075 1352 2158 templis

191 2181 259 2262 ejus
287 2180 496 2259 anathemata
524 2183 787 2248 ostendebantur:
824 2179 875 2246 Ps.
905 2181 1005 2246 Arist.
1035 2181 1148 2246 Mirab.
1175 2181 1248 2259 100,
1275 2182 1348 2258 110,
1382 2171 1385 2175 ’

191 2285 385 2362 81111284,
411 2287 541 2374 Procop.
568 2290 606 2354 de
631 2289 712 2353 bello
735 2287 824 2374 goth.
849 2287 933 2352 115.
960 2286 978 2303 *

278 2393 385 2478 Atque
408 2394 507 2459 altera
530 2418 568 2460 ex
592 2401 684 2480 parte
706 2415 802 2479 quam
826 2397 927 2460 multa
951 2396 1031 2460 artis
1053 2416 1148 2480 opera
1172 2394 1349 2461 Palladium

191 2499 371 2593 exhibentia
386 2523 500 2585 magna
516 2499 650 2567 Graecia
665 2502 801 2584 protulit
820 2522 918 2587 supra
933 2503 1076 2568 vidimus.
1122 2501 1218 2566 Haud
1233 2502 1349 2566 mirum

189 2606 264 2673 inde
299 2607 459 2671 videbitur
485 2605 648 2672 Minervae
676 2606 832 2691 Trojanae
859 2609 1061 2674 simulacrum
1090 2629 1110 2673 a
1137 2608 1290 2673 Diomede
1313 2609 1349 2672 in

189 2714 312 2778 Italiam
328 2714 519 2778 translatum
534 2735 601 2777 esse
616 2712 843 2780 nonnullarum
859 2716 985 2781 urbium
1001 2715 1121 2781 incolas
1137 2716 1346 2781 contendisse.

189 2818 278 2895 Quod
302 2821 341 2886 de
365 2819 493 2885 Luceria
515 2820 627 2885 saltem
651 2822 742 2885 nobis
765 2820 948 2887 aStratone
970 2823 1014 2907 (p.
1032 2823 1110 2898 264)
1132 2823 1346 2889 confirmatur.

188 2925 261 2991 Non
285 2928 394 2991 dubito
419 2928 496 3011 quin
519 2929 559 2992 ad
582 2929 666 2992 idem
684 2928 838 3011 templum
862 2930 959 2993 etiam
982 2931 1060 2994 alter
1081 2930 1244 2995 Strabonis
1258 2928 1347 2994 locus

189 3039 233 3116 (p.
250 3034 327 3110 284)
351 3039 383 3098 et
406 3033 456 3098 Ps.
481 3035 580 3099 Arist.
606 3034 717 3098 Mirab.
744 3034 805 3099 109
841 3034 1010 3102 referenda
1044 3024 1122 3112 sint;
1157 3059 1195 3101 ex
1230 3037 1346 3121 quibus

188 3140 263 3204 locis
297 3142 506 3223 comperimus
539 3142 693 3224 templum
716 3140 877 3206 Minervae
901 3143 1047 3208 Achaeae
1081 3139 1213 3225 11111112)
1248 3147 1345 3227 atque

186 3250 310 3329 praeter
332 3245 513 3311 Palladium
542 3248 607 3312 alia
635 3245 746 3309 παλαιὰ
774 3245 956 3335 ἀναθήματα
984 3249 1029 3315 ibi
1057 3253 1244 3315 conservata
1266 3270 1344 3328 esse,

187 3352 271 3418 inter
294 3374 375 3438 quae
398 3354 533 3419 securim
557 3359 590 3418 et
613 3375 700 3417 arma
724 3354 895 3420 Diomedis.

655 3531 729 3614 §D
764 3530 870 3596 Siris.

273 3654 378 3720 Etiam
402 3655 533 3720 alterius
557 3656 645 3720 urbis
668 3655 782 3720 Italiae
805 3657 925 3722 incolas
942 3657 1120 3724 Palladium
1136 3661 1344 3744 repossidere

186 3762 383 3826 contendisse
414 3761 522 3827 Strabo
546 3763 566 3828 l.
591 3785 617 3826 c.
641 3763 756 3839 tradit;
781 3762 894 3828 Siritas
923 3764 1009 3841 dico;
1042 3767 1094 3830 sed
1123 3789 1194 3831 cum
1224 3768 1262 3832 de
1285 3769 1345 3832 hoc

257 3902 277 3971 ¹)
295 3901 353 3957 Vid.
372 3918 442 3957 nunc
460 3902 601 3958 Luebberti
619 3918 714 3958 comm.
733 3902 767 3957 de
784 3902 915 3959 Diomede
933 3905 1014 3959 heroe
1036 3921 1085 3975 per
1102 3906 1206 3961 ltaliam
1224 3904 1271 3962 inf.
1290 3907 1343 3962 div.

184 3990 246 4046 hon.
265 3990 345 4058 culto,
363 3991 420 4046 lud.
439 3992 522 4046 schol.
541 3991 625 4046 Boun.
644 3992 732 4061 selec.
880 4058 884 4067 ι

256 4080 278 4148 ²)
296 4078 373 4134 Haud
393 4080 503 4136 dubium
522 4081 585 4135 mibi
605 4081 709 4136 videtur
728 4081 790 4152 quin
810 4080 937 4135 Aelianus
959 4081 1030 4137 idem
1048 4083 1175 4153 templum
1196 4084 1345 4154 respexerit

184 4166 261 4234 (Hist.
282 4184 325 4222 an.
344 4168 381 4224 XI
401 4170 429 4239 5)
453 4172 481 4222 ἐν
501 4175 535 4245 τῇ
551 4175 588 4245 γῇ
605 4175 639 4248 τῇ
655 4170 748 4243 dantia
767 4175 829 4224 νεῶν
846 4171 894 4237 μὲν
913 4170 976 4224 εἶναι
994 4180 1041 4243 epe
1057 4170 1166 4246 Ἀθηνᾶς
1182 4181 1230 4248 τῆς
1245 4172 1347 4235 Ἰλιάδος

10 4239 27 4268 ”
72 4304 75 4309 .
184 4254 278 4329 ᾄδουσι.
