3334 5042
768 336 804 399 45

215 517 406 584 instrumenti
428 519 524 583 forma
545 523 651 584 artifex
664 525 783 583 videtur
798 524 968 601 exprimere
983 522 1116 583 voluisse
1131 518 1356 600 καρχαρόδους

216 625 376 701 epitheton
406 628 444 686 ab
474 626 613 686 Hesiodo
632 625 786 704 ¹*harpae
813 627 963 686 additum.
1014 627 1174 686 Postremo
1202 627 1358 686 coniuncti

215 737 287 787 sunt
306 730 425 805 gladius
446 739 478 787 et
497 729 568 803 falx,
589 732 672 789 unde
695 738 762 789 orta
783 738 831 789 est
854 747 934 808 quae
955 731 1077 806 proprie
1100 749 1120 789 a
1134 728 1356 789 recentioribus

216 840 341 889 vocatur
370 830 471 906 harpe.
515 831 657 890 Formam
687 822 767 890 illam
797 849 835 888 ex
863 831 981 889 oriente
1010 840 1190 906 receperunt
1219 831 1356 905 artifices,

214 932 267 991 ubi
287 931 516 1008 elephantorum
538 941 672 992 rectores
694 933 782 990 simili
804 935 1007 991 instrumento
1023 941 1063 1017 et
1082 934 1153 991 olim
1168 931 1358 992 utebantur²

215 1040 248 1090 et
276 1033 369 1092 hodie
389 1041 522 1091 utuntur.
566 1035 604 1094 In
626 1034 831 1093 monumentis
854 1034 966 1092 uostris
989 1034 1118 1110 primum
1138 1034 1267 1092 occurrit
1286 1032 1356 1092 talis

215 1134 325 1211 barpes
348 1135 520 1213 exemplum
541 1136 571 1194 in
594 1136 741 1212 amphora
762 1136 857 1194 attica
877 1136 892 1193 l
914 1137 933 1193 4
956 1135 1034 1193 circa
1056 1152 1170 1194 aunum
1194 1136 1257 1195 400
1280 1140 1357 1197 orta

316 1237 471 1295 Adversus
487 1235 615 1296 Cetum
637 1236 767 1297 Perseus
789 1239 821 1295 in
844 1254 918 1299 vase
939 1236 1126 1296 corinthiaco
1148 1234 1179 1307 Q
1201 1240 1216 1296 1
1241 1245 1358 1313 pugnat

218 1338 369 1414 lapidibus
399 1339 555 1408 coniectis,
589 1357 681 1416 quam
712 1339 835 1399 fabulae
865 1339 993 1400 formam
1022 1357 1041 1395 a
1069 1338 1264 1415 scriptoribus
1295 1355 1360 1396 non

219 1441 360 1499 traditam
393 1441 631 1516 antiquissimam
664 1459 733 1500 esse
766 1452 903 1518 apparet.
946 1441 1033 1499 Illam
1064 1448 1167 1499 autem
1200 1440 1359 1515 pugnandi

194 1528 367 1599 ¹rationem
389 1543 572 1601 recentiores
595 1541 683 1601 facile
706 1552 850 1618 poterant
871 1544 914 1601 ita
936 1544 1104 1618 immutare,
1137 1550 1171 1600 ut
1202 1559 1258 1616 pro
1286 1540 1361 1617 lapi-

218 1642 306 1700 dibus
328 1642 511 1700 inducerent
526 1643 677 1703 Medusae
699 1652 802 1722 caput,
825 1645 874 1702 cui
896 1646 994 1702 inerat
1016 1646 1047 1702 in
1069 1643 1203 1718 lapidem
1220 1643 1358 1701 vertendi

215 1744 269 1804 vis.
314 1745 360 1802 Ac
387 1761 491 1803 revera
517 1746 549 1802 in
577 1745 753 1823 anaglyphis
775 1747 903 1804 etruscis
925 1746 954 1819 Q
978 1748 1100 1807 23-26
1123 1747 1262 1805 videmus
1287 1746 1356 1803 Per·

219 1862 304 1903 seum
326 1844 438 1904 Cetum
459 1845 628 1922 Gorgoneo
657 1847 919 1923 torpefacientem.
956 1848 1146 1924 interruptus
1179 1858 1227 1906 est
1257 1855 1359 1906 autem

215 1946 264 2003 ille
278 1964 379 2004 rerum
393 1964 571 2023 progressus
588 1948 647 2006 alio
666 1926 832 2007 momento.
856 1947 1019 2025 Displicuit
1033 1949 1173 2007 nimirum
1188 1948 1315 2008 saeculis
1331 1968 1359 2009 a.

217 2046 285 2109 Chri
296 2069 326 2111 n.
339 2049 445 2126 quinto
456 2057 490 2108 et
503 2058 612 2126 quarto
623 2049 715 2108 heros
726 2050 808 2108 nullo
822 2049 917 2125 ipsius
932 2050 1068 2125 periculo
1081 2067 1233 2127 pugnans,
1248 2068 1309 2127 qua
1324 2068 1357 2107 re

221 2152 298 2211 illius
327 2154 437 2212 aetatis
465 2153 593 2211 artifices
616 2152 762 2211 Perseum
791 2160 845 2210 aut
870 2151 960 2210 hasta
980 2147 1023 2227 (Q
1044 2155 1073 2221 2,
1098 2144 1151 2230 10)
1174 2161 1225 2210 aut
1247 2153 1359 2210 eadem

217 2255 268 2314 illa
288 2274 350 2333 qua
372 2255 536 2314 Medusam
558 2254 735 2313 debellabat
755 2253 850 2328 harpe
871 2251 916 2328 (Q
930 2254 958 2329 3,
974 2252 1007 2331 4)
1030 2263 1231 2313 armaverunt.
1268 2251 1357 2326 Quos

220 2365 253 2413 ut
273 2356 305 2414 id
326 2355 464 2415 facerent
485 2355 632 2431 impulsos
654 2371 722 2413 esse
744 2372 763 2412 a
784 2354 886 2430 poetis
902 2353 1024 2428 tragicis
1044 2354 1123 2414 infra'
1144 2356 1359 2414 demonstran·

219 2457 292 2516 dum
314 2457 378 2519 erit.

313 2558 411 2618 Infimi
439 2559 696 2618 commiscuerunt
723 2567 882 2634 utramque
912 2556 1070 2634 pugnandi
1099 2557 1248 2618 rationem
1277 2560 1359 2618 velut

216 2662 347 2737 pictores
361 2662 484 2721 tabulae
503 2679 522 2718 a
536 2660 671 2721 Luciano
687 2661 861 2736 descriptae
880 2658 940 2732 Qa
961 2669 993 2717 et
1014 2660 1136 2735 parietis
1152 2659 1359 2736 Pompeianae

221 2760 251 2834 Q
274 2763 375 2841 ll,4hi
396 2780 521 2840 quoque
542 2772 704 2839 poetarum
725 2762 854 2836 vestigia
876 2769 1049 2836 prementes
1063 2757 1084 2821 ³.

577 2983 605 3042 2.
650 2981 697 3042 De
718 2983 862 3043 Medusae
878 2979 998 3058 fonnis.

315 3117 385 3175 Non
410 3117 510 3175 minus
538 3133 628 3193 quam
651 3115 780 3175 Perseus
801 3116 996 3176 Medusae
1023 3124 1055 3174 et
1083 3132 1221 3176 sororum
1245 3119 1361 3195 figurae

219 3219 316 3278 varias
337 3235 393 3295 per
414 3217 537 3276 saecula
556 3234 667 3294 passae
697 3226 766 3275 sunt
793 3216 987 3277 mutationes.
1031 3216 1081 3275 De
1104 3216 1298 3294 Gorgonibus
1320 3222 1359 3281 ab

217 3321 376 3381 artificibus
398 3320 530 3395 antiquis
549 3319 626 3376 fictis
648 3336 716 3377 cum
731 3319 941 3395 copiosissime
963 3320 1061 3394 egerit
1076 3319 1302 3398 Furtwaengler
1317 3323 1362 3380 vir

218 3424 409 3483 doctissimus
431 3422 463 3480 in
477 3421 625 3479 Roscheri
641 3421 738 3478 lexico
753 3420 939 3496 mythologo,
961 3422 1036 3479 satis
1052 3421 1153 3479 habeo
1176 3424 1216 3505 de
1238 3432 1362 3482 nostro·

217 3544 282 3584 rum
303 3531 568 3584 monumentorum
590 3521 787 3597 Gorgonibus
808 3539 909 3598 pauca
931 3523 1100 3584 addidisse.

318 3625 514 3702 Gorgonibus
537 3624 629 3698 longa
650 3623 752 3682 tunica
774 3616 901 3690 vestitis,
933 3640 1008 3699 quas
1038 3624 1094 3682 arti
1116 3624 1237 3684 ionicae
1259 3627 1357 3685 vindi-

218 3732 297 3788 cavit
318 3726 544 3801 Furtwaengler
570 3727 588 3783 l.
611 3742 637 3782 c.
660 3743 688 3801 p.
714 3727 804 3802 1710,
838 3725 996 3783 recensitis
1029 3726 1143 3784 ibidem
1178 3726 1361 3785 adiciendae

219 3905 414 3916 ----...-....

218 4022 350 4092 1.11146‚
368 4026 512 4078 Rossbach
530 4026 703 4078 Griechische
721 4026 838 4078 Antiken
857 4028 905 4078 des
924 4027 1039 4081 archiol.
1059 4028 1196 4078 Museunrs
1215 4029 1242 4077 in
1255 4028 1363 4079 Breslnu

218 4128 245 4178 p,
259 4110 286 4178 5)
304 4114 412 4180 Hydrae
431 4117 516 4182 capita
532 4124 640 4169 resecat.

319 4198 447 4267 ¹Theog.
469 4204 528 4266 175,
549 4204 608 4259 180.

316 4286 387 4343 2Cl.
406 4291 466 4346 nel.
485 4294 547 4348 hist.
567 4310 608 4348 an.
628 4293 671 4355 13,
686 4291 728 4347 22.

317 4375 329 4411 ³
348 4380 387 4432 Cf.
408 4381 456 4434 Ov.
475 4385 581 4436 Metam.
600 4385 639 4434 IV
658 4381 806 4436 tut-740.
