3334 5042
674 415 878 480 „63-

194 611 401 695 xulvpduroa
425 611 604 694 Vtrumque
617 611 803 694 scriptorem
816 631 855 675 ex
864 611 974 675 eodem
990 615 1119 674 auctore
1134 608 1351 674 narrationem

194 738 286 782 suam
308 718 478 802 sumpsisse
506 718 653 801 conjicio,
681 717 883 781 Posidonium
904 715 1061 781 Rhodium
1095 715 1175 791 dico,
1214 736 1253 778 ex
1287 736 1350 799 quo

195 825 347 909 pleraque
369 824 531 889 fluxerunt
565 843 646 906 quae
676 827 708 887 et
730 823 815 908 apud
839 822 962 888 Livium
997 828 1030 887 et
1056 821 1142 905 apud
1171 821 1350 906 Appianum

195 931 233 994 de
260 932 343 996 bello
366 930 585 996 Mithridatico
614 929 719 1013 priore
741 934 880 995 exstant.
927 927 1013 1004 Quae
1036 929 1196 993 sententia
1218 930 1244 993 si
1267 934 1352 993 recte

194 1059 226 1100 se
251 1036 348 1102 habet
379 1038 678 1102 commemoratione
710 1037 841 1123 dignum
867 1035 1007 1113 ridetur,
1035 1033 1208 1099 ›Palladii‹
1236 1056 1351 1100 nomen

194 1146 279 1226 quod
313 1145 347 1208 in
382 1164 440 1209 suo
473 1149 602 1209 auctore
637 1144 750 1229 legerit
783 1143 908 1207 Livium
934 1142 1112 1218 reticuisse3
1145 1162 1203 1206 nec
1235 1144 1352 1207 mirum

193 1254 310 1328 tamen,
335 1271 407 1315 cum
424 1252 461 1314 de
476 1249 629 1326 Palladio,
654 1255 692 1313 ut
714 1254 825 1333 postea
840 1249 1024 1326 ridebimus,
1049 1247 1143 1334 longe
1165 1249 1228 1313 alia
1243 1271 1350 1314 narra·

193 1358 283 1421 verit.
316 1356 432 1421 Auctor
446 1358 483 1421 dc
493 1358 567 1420 ciris
577 1356 741 1420 illasudbus
755 1356 920 1438 [Aurelius
933 1353 1061 1440 Victor]
1073 1360 1176 1421 totum
1191 1353 1351 1421 Minervae

194 1463 350 1546 templum
374 1465 531 1528 intactum
553 1464 742 1527 remansisse
764 1467 884 1527 narrat.

284 1571 312 1633 A
331 1569 437 1634 Seruio
459 1575 566 1634 autem
591 1568 646 1654 (ad
662 1571 738 1634 Aen.
754 1566 787 1632 ll
806 1566 883 1651 166)
907 1567 997 1633 valde
1019 1569 1060 1633 ab
1075 1569 1126 1633 bis
1146 1569 1351 1635 abhorrentia

195 1677 374 1755 traduntur,
411 1678 529 1761 quippe
558 1679 613 1759 qui
644 1675 823 1741 Palladium
850 1676 924 1740 inde
952 1697 971 1739 a
1001 1680 1143 1760 tempore
1169 1697 1233 1761 quo
1260 1681 1350 1742 vetus

195 1781 290 1866 Troja
312 1783 474 1848 aGraecis
499 1784 603 1848 deleta
626 1786 674 1847 est
695 1804 797 1867 usque
821 1782 863 1847 ad
884 1782 1151 1867 expugnationem
1171 1803 1192 1847 a
1210 1781 1351 1848 Fimbria

193 1890 310 1954 factam
346 1891 451 1954 »intra
478 1893 658 1954 extructum
680 1890 833 1972 parietem
858 1887 1079 1953 absconditum
1103 1889 1231 1969 fuisse«,
1254 1895 1350 1975 atque

193 2001 262 2060 tum
290 1995 422 2061 Romam
458 1998 626 2063 advectum
660 1996 757 2061 fuisse
790 2001 911 2061 narret.
934 2033 978 2041 -
1002 1995 1065 2061 Res
1098 2001 1205 2060 tamen
1238 1995 1278 2061 ab
1313 2018 1350 2062 eo

192 2104 396 2168 conturbatas
432 2124 500 2168 esse
532 2108 620 2187 puto,
657 2125 729 2168 cum
758 2102 936 2167 Palladium
959 2104 1026 2188 jam
1058 2103 1147 2187 prius
1170 2102 1222 2166 llii
1243 2104 1349 2187 palam

191 2210 369 2293 expositum
402 2231 468 2276 esse
492 2231 509 2274 e
532 2211 669 2274 nummis
702 2215 863 2294 appareat.
909 2209 958 2273 Ex
985 2210 1100 2293 quibus
1124 2214 1232 2274 autem
1256 2209 1350 2275 rebus

191 2316 334 2381 confusio
358 2315 491 2383 fortasse
511 2317 673 2382 exstiterit
694 2315 777 2380 infra
792 2316 966 2382 ostendam.

277 2526 311 2594 Si
335 2550 419 2593 nunc
442 2530 622 2611 quaerimus
646 2550 709 2614 quo
732 2530 826 2595 modo
849 2551 941 2593 suum
965 2527 1124 2593 Minervae
1147 2528 1349 2594 simulacrum

188 2657 226 2699 ex
257 2634 368 2718 Trojae
403 2636 525 2700 excidio
560 2641 720 2701 serratum
756 2657 821 2701 esse
855 2635 985 2701 Ilienses
1024 2637 1237 2713 narraverint,
1277 2658 1348 2700 cum

188 2741 313 2806 nullum
348 2743 386 2806 de
420 2742 468 2805 his
496 2744 589 2808 rebus
613 2748 713 2808 exstet
734 2744 964 2821 testimonium,
987 2744 1028 2808 ad
1051 2743 1248 2826 conjecturas
1273 2764 1347 2807 ocn-

188 2847 351 2931 fugiamus
375 2870 503 2914 necesse
526 2853 583 2914 est.
629 2849 770 2927 Quarum
787 2850 867 2913 duae
890 2871 923 2914 se
946 2850 1095 2916 offerunt.

274 2955 401 3020 Novum
417 2955 513 3019 Ilium
536 2956 620 3020 eninr
646 2955 829 3041 aTrojanis
852 2977 920 3021 esse
943 2957 1116 3033 eonditum,
1141 2955 1195 3040 qui
1216 2978 1253 3021 ex
1271 2955 1348 3021 urbe

187 3052 330 3126 incensa
344 3061 501 3145 fugissent
529 3067 626 3147 atque
653 3063 748 3147 paulo
777 3067 849 3146 post
878 3064 992 3127 iterum
1021 3063 1156 3146 pristino
1179 3063 1248 3127 loco
1272 3084 1347 3127 con-

186 3167 353 3244 sedissent,
390 3169 565 3234 traditione
604 3170 673 3234 sino
707 3169 804 3234 dubio
827 3168 1027 3234 narrabatur.
1052 3167 1124 3234 Vid.
1149 3167 1347 3233 Hellanicum

187 3269 251 3358 (ap.
277 3274 372 3338 Dion.
401 3273 472 3339 Hal.
497 3275 512 3338 I
535 3274 603 3360 47),
638 3276 732 3341 Dion.
756 3275 827 3340 Hal.
851 3274 867 3338 Ι
890 3273 942 3354 53,
978 3275 1082 3341 Tacta.
1105 3276 1145 3339 ad
1172 3274 1246 3358 Lye.
1271 3274 1345 3351 970,

186 3380 242 3463 qui
269 3381 347 3444 talia
380 3380 534 3446 referunt.
581 3381 671 3448 Vnde
699 3382 848 3466 conjiciat
882 3383 1038 3467 quispiam
1072 3381 1202 3447 Ilienses
1236 3383 1346 3448 eodem

186 3487 279 3550 modo
334 3490 431 3571 atque
481 3486 592 3552 Siritas
642 3489 818 3554 narravisse
868 3487 1045 3553 Palladium
1087 3511 1106 3553 a
1147 3486 1345 3573 fngientibus

186 3591 330 3677 Trojauis
354 3598 514 3658 servatum
542 3615 619 3659 esse.
666 3594 760 3679 Apud
785 3597 847 3659 duo
869 3596 1038 3679 scriptores
1060 3596 1206 3661 laudatos
1234 3594 1342 3676 (Dion.

185 3705 217 3763 et
231 3697 347 3784 Tacta.)
371 3699 500 3784 Trojaui
523 3700 563 3766 ab
581 3702 687 3767 Aenea
701 3703 771 3785 ipso
787 3701 884 3766 Ilium
907 3701 1121 3781 deducuntur3
1146 3724 1227 3787 quae
1243 3703 1345 3768 versio

185 3803 293 3886 procul
323 3807 417 3872 dubio
451 3809 535 3873 notis
563 3806 672 3872 iliadis
695 3805 768 3892 (llll
793 3808 858 3872 307
880 3806 942 3892 sq.)
966 3812 998 3873 et
1026 3809 1137 3893 hymni
1159 3808 1288 3875 Homer.
1311 3811 1344 3874 in

185 3911 262 3976 Veu.
292 3913 369 3987 (196
392 3936 438 3998 sq.
464 3914 505 3980 cf.
529 3914 633 3978 Strab.
658 3916 737 3993 608)
760 3914 901 3980 versibus
923 3915 1097 3983 nitebatur.
1143 3916 1243 3982 Estne
1270 3916 1344 3981 inde

184 4017 435 4084 concludendum
465 4020 641 4087 Palladium
677 4025 709 4086 in
742 4021 909 4087 Iliensium
931 4022 1049 4087 fabulis
1083 4024 1123 4088 ab
1147 4023 1255 4089 Aenea
1277 4045 1343 4089 ser·
1465 4028 1467 4031 ’

183 4129 291 4188 vatum
316 4128 403 4190 esse?

271 4230 340 4316 Ego
368 4233 495 4316 quidem
523 4234 656 4299 alteram
679 4235 895 4319 conjecturam
918 4237 1036 4301 rectius
1059 4256 1092 4300 se
1114 4235 1230 4301 habers
1253 4242 1341 4321 puto.
