3334 5042
667 434 870 500 -sr-
990 391 994 399 ’

187 629 322 695 bitabit.
367 628 621 714 Atthidographi
649 628 749 714 igitur
776 628 919 694 narratio
944 628 1010 694 fere
1036 626 1112 693 haec
1139 633 1208 692 erat
1229 625 1349 712 (Schol.

188 735 349 818 Aeschin.)
371 731 493 819 Ἀργεῖοι
515 734 549 796 τὸ
565 733 738 798 Παλλάδιον
754 731 877 821 ἔχοντες
897 731 931 796 τδ
954 732 991 804 ἐξ
1001 730 1081 797 Ἰλίου
1103 734 1153 796 καί
1166 733 1228 795 ἀπὸ
1247 731 1354 818 Τροίας

188 839 429 925 ἀνακομιζόμεναι
450 838 790 933 ὡρμίσαντοκόληοιληροῇ
812 842 861 904 καί
883 839 995 909 αὐτοὺς
1015 842 1076 903 τῶν
1098 839 1253 927 ἐγχωρίων
1276 837 1353 908 τινές

187 944 333 1021 ἀκουσίως
363 946 531 1033 ἀναῳοῢσι.
562 946 715 1031 μενόντων
749 946 784 1010 δὲ
816 946 865 1011 ἐπὶ
898 946 989 1010 πολὺν
1007 945 1119 1034 χρόνον
1143 949 1203 1009 τῶν
1234 948 1350 1032 νεκρῶν

188 1051 389 1139 ἀδιαφδόρων
404 1054 454 1115 καὶ
469 1052 633 1139 ἀφαόστων
648 1053 706 1118 όπδ
721 1052 847 1141 δηρίων,
864 1052 1202 1141 πολυπραγμονήσαντες
1213 1052 1240 1115 υἱ
1255 1051 1349 1139 ἐγχώ·

184 1184 245 1246 ριοι
271 1157 407 1241 ἔγνωσαν
431 1163 500 1246 παρ’
522 1156 700 1245 Ἀκάμαντος
720 1162 765 1223 ότι
783 1158 907 1246 Ἀργεῖοι
929 1158 1016 1248 ἦσαν,
1043 1159 1092 1222 καὶ
1121 1156 1349 1236 sustollatur

187 1264 328 1352 εὑρόντες
347 1264 506 1351 ίδρόσαντό
533 1288 565 1329 τε
589 1266 670 1353 παρὰ
694 1269 731 1354 τῇ
753 1267 863 1354 Ἀθηνᾶ
887 1271 926 1352 τῇ
950 1264 1097 1353 Φαληροῖ,
1126 1265 1175 1327 καὶ
1207 1264 1277 1333 τοὺς
1307 1286 1349 1327 νε·

186 1371 280 1457 κροδς
300 1370 456 1458 δάφαντες
475 1373 663 1472 δικαστηριον
689 1371 832 1460 ἐποίησαν
861 1371 926 1435 ἐκεῖ
950 1376 1012 1441 τοῖς
1037 1370 1084 1433 ἐπὶ
1109 1369 1241 1456 ἀκουσίῳ
1264 1369 1350 1456 φόνῳ

188 1477 355 1562 φεύγουσιν.
412 1477 526 1544 Pollux
560 1482 640 1546 haec
677 1481 810 1563 praebet
847 1481 868 1544 l.
898 1500 938 1545 c.:
963 1478 1013 1541 rut
1049 1477 1076 1539 σί
1109 1475 1167 1561 μὲν
1205 1475 1353 1562 ταφέντες

187 1582 324 1665 ἀγνῶτες
345 1584 631 1673 προσηγορεύθησαν
655 1587 707 1650 τοῦ
730 1584 802 1648 θεοῦ
821 1585 1002 1672 χρήσαντος,
1029 1581 1133 1646 αὐτόθι
1155 1580 1182 1644 δ
1186 1580 1293 1671 ἱδρόδη
1317 1581 1350 1644 τδ

186 1688 361 1774 Παλλάδιον.

275 1798 410 1863 Videtur
431 1799 466 1861 in
496 1797 555 1863 hac
577 1799 763 1863 narratione
787 1795 945 1863 dubitatio
969 1797 1122 1881 quaedam
1144 1816 1349 1880 personarum

187 1906 301 1980 inesse;
325 1904 440 1969 mirum
464 1909 511 1970 est
534 1905 692 1988 imprimis
716 1904 982 1989 Demophontem
1003 1924 1069 1968 non
1084 1903 1253 1978 nominari,
1277 1924 1349 1967 cum

187 2012 239 2076 hic
270 2011 364 2075 heros
398 2012 518 2096 primus
553 2010 603 2074 ἐπί
634 2008 799 2096 Παλλαδίῳ
835 2016 1002 2078 accusatus
1030 2009 1123 2074 luisse
1157 2031 1215 2094 per
1238 2029 1349 2075 omnes

187 2116 309 2182 fabulas
332 2119 508 2203 reperiatur
526 2118 601 2201 (vid.
619 2116 712 2182 Paua.
729 2118 745 2183 I
761 2117 852 2184 289:
869 2117 918 2179 καὶ
933 2116 979 2179 ότι
989 2114 1048 2200 μὲν
1064 2115 1217 2202 Δημοφῶν
1232 2116 1353 2200 πρῶτος

189 2221 319 2286 ἐνταῦθα
349 2221 462 2311 όπεσχε
489 2222 574 2291 δίκας
600 2222 820 2311 ἀυφισβητοῦοι
847 2221 990 2310 οὐδένες).
1024 2259 1067 2272 -
1101 2221 1349 2288 interfectorum

187 2350 320 2414 corpora
347 2329 490 2395 Palladio
519 2332 604 2395 inter
632 2352 672 2395 ea
691 2331 817 2416 jacente
841 2352 861 2396 a
884 2331 1087 2415 corruptione
1110 2337 1233 2396 serrata
1255 2329 1350 2394 fuisse

194 2436 281 2500 nullo
304 2437 365 2500 alio
390 2438 459 2502 loco
481 2436 608 2520 legitur.

281 2545 311 2607 3.
335 2543 447 2627 ltaque
471 2565 543 2607 cum
560 2541 754 2609 Phanodemi
776 2545 918 2609 narratio
935 2545 1131 2628 singularem
1148 2543 1251 2607 locum
1268 2542 1350 2606 obti-

189 2654 276 2726 neat,
290 2650 386 2714 tertia
397 2664 545 2735 maguam
557 2672 629 2715 curn
635 2649 799 2717 Clitodemi
812 2651 1055 2717 similitudinem
1066 2649 1205 2734 praebet.
1219 2648 1351 2732 Legitur

134 2830 137 2835 p
188 2757 272 2838 apud
289 2756 481 2820 Ραυυοιιίαια
496 2758 689 2841 periegetam
704 2757 734 2842 (Ι
750 2757 852 2841 289),
876 2778 1013 2843 quocum
1029 2756 1174 2841 congruit
1189 2756 1352 2819 οιιωάοωα

187 2884 207 2926 a
235 2861 380 2929 Boklrero
409 2864 530 2928 editum
557 2863 692 2950 (Anecd.
717 2886 818 2948 graec.
843 2861 868 2928 l.
891 2882 922 2945 p.
947 2862 1035 2939 311).
1092 2862 1234 2928 Interest
1266 2863 1351 2925 inter

187 2968 270 3034 hauc
293 2975 326 3033 et
350 2968 518 3035 Clitodemi
539 2972 760 3036 narrationem
782 2972 845 3036 hoc
867 2969 1040 3034 maximum
1063 2969 1240 3046 discrimen,
1265 2968 1350 3053 qnod

190 3074 367 3139 Palladium
402 3099 465 3141 non
496 3078 563 3161 jam
597 3080 637 3142 ab
667 3070 908 3163 Agamemnone
942 3075 998 3140 sad
1030 3099 1049 3139 a
1077 3074 1229 3139 Diomede
1257 3073 1352 3158 Troja

189 3183 340 3247 redeunte
363 3188 559 3267 apportatur.
610 3184 818 3250 Simulacrum
841 3188 949 3248 autem
971 3184 1020 3246 ita
1042 3181 1134 3245 utin
1157 3183 1258 3266 prima
1281 3199 1350 3244 ver·

188 3288 276 3354 sione
301 3287 559 3373 aDemophonte
581 3313 691 3377 pugna
705 3296 800 3356 noctu
816 3291 952 3374 rapitur,
977 3290 1033 3373 qui
1047 3287 1209 3354 nonnullis
1224 3287 1351 3370 Argivis

190 3415 268 3477 quos
302 3395 430 3479 quidem
457 3417 520 3460 non
544 3403 735 3483 agnosceret
758 3395 935 3462 interiectis
958 3397 998 3460 ad
1021 3394 1133 3461 urbem
1155 3394 1251 3481 fugit.
1261 3391 1285 3470 ¹)
1309 3429 1350 3441 -·

188 3539 398 3547 -—..-—-

261 3624 282 3693 ¹)
299 3624 447 3679 Pausanias
471 3623 550 3679 etiam
573 3625 625 3680 hoc
643 3625 726 3694 addit,
754 3643 771 3680 a
793 3624 990 3696 Demophontis
1004 3626 1089 3697 'equis
1111 3624 1245 3680 hominem
1269 3623 1351 3679 Athe-

190 3711 308 3768 niensem
326 3714 416 3768 tritum
435 3731 508 3782 osae3
533 3716 574 3769 ἐπὶ
598 3715 680 3787 τούτῳ
700 3715 863 3786 Δημοφῶντα
886 3716 1004 3787 ὑποσχεῖν
1022 3716 1098 3776 δίκας,
1121 3717 1208 3781 οἱμὲν
1227 3719 1272 3767 τοῦ
1290 3733 1351 3779 ουμ·

192 3805 351 3874 πατηθέντος
368 3808 421 3864 τοῖς
437 3806 613 3876 προσήκουσιν,
632 3806 655 3856 οί
674 3805 703 3856 δὲ
721 3802 839 3874 Ἀργείων
857 3805 926 3872 φασί
941 3810 979 3876 τῷ
990 3810 1070 3877 κοινῷ.
1108 3804 1168 3861 Non
1180 3802 1273 3857 dubito
1287 3801 1351 3872 quin

190 3891 241 3945 hoc
267 3895 431 3946 momentum
458 3893 524 3947 nihil
550 3892 585 3946 ad
613 3892 728 3947 Palladii
747 3891 865 3946 fabulam
884 3893 997 3948 attineat
1021 3897 1102 3964 atque
1121 3892 1227 3947 aliunde
1246 3891 1273 3947 in
1292 3907 1351 3945 eam

189 3979 306 4047 duxerit3
325 3995 375 4036 nec
393 3997 503 4050 prorsus
528 3981 583 4036 veri
600 3980 729 4036 dissimile
747 3981 812 4036 mihi
830 3980 934 4037 videtur
952 3981 1092 4052 ,reliquias
1111 3998 1172 4036 esse
1190 3979 1351 4035 narrationis

190 4084 243 4139 qua
268 4068 360 4139 judicii
388 4069 462 4140 origo
485 4068 660 4125 illustraretur
687 4074 830 4141 antequam
854 4069 967 4124 Palladii
991 4070 1100 4140 Trojani
1123 4087 1140 4125 a
1163 4068 1351 4140 Demophonte

189 4158 259 4227 rapti
277 4157 368 4212 fabula
386 4161 512 4213 exstaret.
