3334 5042
872 362 904 414 lli

714 587 916 645 Monumeuta
938 597 1067 646 servata.

725 723 803 782 Vasa
820 724 906 796 picto
926 725 974 796 M·
997 725 1058 797 aio.

419 874 513 932 Plena
535 873 715 949 compositio
740 890 793 929 sex
811 873 949 948 personis
972 883 1108 935 constat:
1131 874 1264 932 Medusa
1279 877 1380 952 capite
1403 877 1462 953 pri·

320 984 391 1035 vata
435 975 547 1034 Perseo
581 976 716 1050 fugiente
744 977 865 1032 duabus
889 974 1084 1050 Gorgonibus
1119 979 1372 1052 persequentibus
1390 978 1462 1036 Mi·

320 1094 413 1134 nerva
434 1077 592 1136 Mercurio

422 1182 447 1237 l.
468 1178 555 1235 Lanx
587 1177 680 1236 attica
702 1177 839 1251 Aeginae
869 1186 988 1252 reperta
1011 1196 1085 1237 mus.
1111 1177 1209 1239 Berol.
1237 1199 1265 1239 n.
1290 1181 1379 1246 1682,
1411 1181 1463 1238 ed.

325 1280 362 1338 A.
385 1280 417 1337 Ζ.
443 1280 522 1338 rasa
547 1280 608 1337 tab.
634 1283 661 1338 s.
1130 1261 1132 1264 ’

420 1381 551 1438 Medusa
573 1389 604 1438 et
625 1381 788 1454 Gorgones
810 1381 949 1454 perditae
972 1389 1051 1453 sunt,
1074 1380 1212 1438 Mercurii
1228 1382 1300 1439 nihil
1315 1382 1374 1439 nisi
1396 1401 1462 1441 crus

321 1482 377 1541 sin.
402 1491 504 1561 restat.
549 1483 671 1539 Adsunt
694 1481 832 1539 Minerva
861 1482 1014 1538 attributis
1039 1499 1146 1538 carens
1181 1458 1284 1557 quiem
1314 1493 1399 1541 stans
1431 1492 1464 1541 et

292 1618 296 1623 -
322 1582 450 1640 Perseus
473 1601 604 1641 currens.
634 1583 765 1641 Nomina
788 1584 943 1657 adscripta
958 1593 1029 1640 suut
1045 1580 1111 1661 ΑΘ
1120 1580 1234 1643 ΕΝΑΙΑ
1257 1593 1289 1641 et
1304 1560 1461 1646 tt3t3ft.

421 1687 449 1743 2.
472 1685 629 1760 Amphora
651 1686 743 1742 attica
766 1684 894 1742 Athenis
917 1703 1012 1759 nuper
1032 1694 1154 1760 reperta
1172 1685 1221 1744 ed.
1243 1685 1313 1745 Ant.
1335 1688 1461 1745 Denkm.
1553 1737 1555 1739 .
1663 1712 1665 1735 i

357 1786 419 1845 tab.
442 1789 493 1864 57,
517 1786 553 1846 ef.
575 1806 605 1863 p.
629 1791 677 1846 46.
1463 1856 1469 1863 ,

421 1890 510 1947 Duae
523 1892 685 1967 Gorgones
709 1910 792 1949 more
808 1891 1020 1965 antiquissimo
1040 1892 1137 1948 sactae
1152 1891 1231 1948 binis
1253 1893 1307 1949 alis
1322 1892 1463 1951 reduncis

326 1992 427 2050 alatae
449 1993 490 2049 ad
513 1995 543 2051 tl.
566 2003 697 2052 currunt.
722 1995 750 2050 S.
767 1992 896 2051 Medusa
918 1993 973 2050 alis
989 1992 1177 2067 complicatis
1201 1995 1242 2051 ad
1262 2012 1344 2069 genu
1358 2011 1382 2053 s.
1395 2010 1464 2070 pro-

324 2094 437 2170 cubuit,
460 2114 477 2150 e
501 2095 580 2152 collo
603 2096 727 2170 sangnis
750 2094 879 2169 profluit.
925 2095 1007 2152 Infra
1034 2111 1180 2169 personas
1211 2094 1381 2171 descriptas
1399 2096 1466 2153 del-

323 2196 484 2271 phinorum
504 2199 598 2254 series
622 2199 663 2255 ad
685 2216 708 2257 s.
731 2206 827 2273 natat,
853 2198 963 2272 quibus
986 2214 1068 2254 mare
1091 2196 1217 2253 indicari
1239 2198 1367 2256 videtur.

332 2358 334 2363 ,
420 2300 447 2358 3.
479 2297 605 2358 Cratera
626 2293 759 2376 (δεῖνος)
784 2317 859 2357 mus
883 2298 996 2374 Lupor.
1032 2298 1069 2357 cl.
1097 2296 1164 2358 Cat.
1189 2297 1295 2373 Camp.
1319 2316 1343 2375 s.
1364 2297 1393 2355 11
1417 2299 1465 2357 25.

323 2399 623 2476 Dumont·Chaplain
654 2394 711 2461 cer.
735 2402 775 2459 de
810 2401 840 2459 la
860 2400 911 2459 Gr.
935 2419 978 2474 pr.
1000 2400 1014 2456 l
1036 2418 1064 2474 p.
1088 2401 1148 2458 337
1171 2401 1242 2459 adu.
1266 2402 1294 2459 3.
1339 2398 1464 2457 Praesto

322 2509 371 2558 est
392 2501 656 2578 photographema
679 2509 842 2578 apparatus
866 2500 1089 2577 archaeologici
1112 2500 1290 2559 Bonnensis.

419 2602 535 2660 Omnes
558 2620 709 2678 personae
732 2605 855 2675 adsunt,
878 2603 1010 2660 Medusa
1031 2602 1131 2676 capite
1157 2603 1274 2678 privata
1296 2621 1398 2678 genua
1419 2603 1464 2660 in·

322 2704 422 2780 clinat‚
446 2723 462 2759 e
480 2703 558 2762 collo
579 2705 732 2779 sauguinis
749 2704 834 2762 rivoli
850 2704 1014 2778 prosiliunt.
1048 2703 1186 2761 Minerva
1200 2711 1283 2761 caret
1303 2704 1464 2763 attributis

419 2809 448 2862 4.
477 2804 586 2862 Patara
608 2806 731 2864 Rhodia
751 2823 825 2866 mus¹
851 2805 932 2870 Brit,
956 2805 1003 2861 ed.
1028 2802 1151 2879 journal
1174 2804 1211 2860 of
1228 2804 1299 2863 hell.
1322 2815 1358 2863 st.
1383 2807 1464 2867 1884

322 2909 383 2967 tab.
407 2911 457 2968 43.

418 3009 549 3069 Medusa
566 3012 607 3068 ad
631 3028 711 3086 genu
731 3009 910 3084 procubuit3
944 3028 981 3064 ex
995 3064 997 3071 ,
1012 3007 1077 3065 eius
1100 3007 1179 3065 collo
1203 3017 1296 3083 caput
1318 3010 1464 3085 equinum

321 3111 457 3186 emergit.
501 3112 668 3169 Mercurius
691 3121 723 3168 et
739 3110 876 3167 Minerva
892 3117 923 3165 et
946 3110 1002 3184 ipsi
1025 3117 1163 3181 currunt;
1186 3108 1324 3166 Minerva
1348 3118 1465 3167 armata

322 3222 369 3269 est
391 3213 503 3287 aegide
525 3232 638 3287 magna
661 3206 764 3287 clipeo
781 3211 879 3269 hasta.

419 3316 447 3373 5.
477 3313 585 3371 Patera
618 3316 711 3371 attica
734 3313 832 3370 Nolae
868 3322 988 3387 reperta
1021 3330 1097 3369 mus.
1125 3312 1224 3370 Berol.
1248 3330 1277 3371 n.
1303 3314 1392 3386 1753,
1414 3312 1465 3374 ed.

324 3413 464 3472 Gerhard
484 3414 511 3470 T
513 3414 704 3473 rinkschalen
727 3414 764 3490 ll,
781 3414 832 3472 llI.
857 3414 1005 3470 Levezow
1026 3412 1276 3486 Gorgonenideal
1300 3411 1465 3474 tanum.

421 3514 543 3572 Pictura
564 3516 654 3590 priori
678 3516 792 3584 similis,
816 3517 873 3572 sed
890 3516 988 3572 minus
1005 3515 1165 3591 diligenter
1190 3514 1283 3574 facta.
1327 3514 1467 3583 Minerva

324 3619 423 3675 deest.
467 3616 596 3674 Medusa
618 3619 757 3675 manibus
780 3618 931 3693 protentis
948 3634 1044 3692 prona
1060 3616 1229 3691 procubuit,
1253 3634 1270 3672 e
1293 3615 1372 3672 collo
1396 3633 1466 3672 san·

321 3719 388 3793 guis
410 3718 541 3792 profluit,
565 3736 656 3794 snpra
678 3737 768 3795 quern
791 3719 1050 3794 caputequinum
1073 3717 1209 3793 emergit.

420 3821 446 3877 6.
472 3817 580 3894 Tripus
601 3815 734 3878 atticus1
758 3820 921 3894 Tanagrae
944 3827 1081 3893 repertus
1105 3836 1180 3878 mus.
1203 3818 1303 3878 Berol.
1326 3836 1356 3876 u.
1383 3818 1464 3876 1727

321 3923 370 3979 ed.
395 3921 429 3982 A.
454 3921 486 3980 Z.
512 3923 589 3981 1881
615 3923 674 3981 tab.
701 3924 729 3980 3.
775 3918 1138 3994 Genick·Furtwaengler
1160 3918 1305 3977 Keramik
1327 3919 1387 3979 tab.
1412 3920 1464 3978 24.

418 4022 534 4098 Singuli
555 4023 651 4096 pedes
673 4022 848 4079 dividuntur
864 4022 895 4077 in
910 4021 996 4078 binas
1013 4029 1125 4094 partes,
1148 4038 1275 4097 quarum
1291 4020 1465 4095 superiores

323 4188 520 4198 ——-..-.---..-..

420 4305 520 4359 ¹Nnm
550 4309 642 4359 atticus
668 4309 701 4360 sit
718 4308 870 4359 Duemmler
899 4307 1001 4356 dubitat
1020 4307 1114 4354 Roem.
1136 4306 1205 4357 Mitt.
1225 4306 1251 4353 II
1276 4321 1301 4369 p.
1324 4302 1372 4356 161
1395 4306 1455 4358 adu.

322 4396 368 4462 qui
387 4414 445 4447 eum
465 4400 600 4461 Tanagrae
620 4400 707 4463 potius
726 4399 821 4447 sactum
843 4414 900 4446 esse
920 4404 1001 4461 putat.
