3334 5042
792 393 827 449 43

237 570 349 656 Perseo
372 570 533 632 dederunt
546 573 685 650 crepidas
709 573 805 630 alatas
827 570 877 644 (cl.
901 574 930 630 K
950 578 994 642 lt,
1016 573 1044 630 Ν
1059 569 1088 649 2)
1111 573 1223 630 eodem
1238 580 1376 648 tempore

236 693 299 753 quo
321 676 504 736 Mercurium
525 676 581 735 illis
603 659 842 735 instruireruntl.

334 776 434 835 Ditis
461 778 569 852 galea
598 778 681 853 apud
707 776 929 851 antiquissimos
955 776 1085 834 artifices
1115 783 1164 834 est
1196 784 1249 834 aut
1280 775 1376 851 pileus

235 886 287 936 aut
323 879 468 955 antiquae
504 879 621 937 formae
655 887 781 953 petasus
818 879 954 953 margine
990 886 1122 951 angusto
1160 878 1376 937 circumdatus

234 978 311 1038 Cum
333 980 453 1056 propria
474 980 550 1038 illius
571 980 680 1054 galeae
703 980 745 1036 vis
767 979 894 1054 exprimi
915 995 979 1035 non
1000 986 1116 1054 posset,
1139 979 1235 1055 quinti
1258 978 1372 1036 saeculi

231 1081 363 1140 ¹artifices
395 1081 426 1138 in
455 1081 506 1140 illa
536 1080 742 1157 repetiverunt
776 1080 969 1155 crepidarum
999 1080 1101 1155 signa:
1139 1080 1212 1140 alas.
1256 1079 1371 1138 Pileurn

224 1198 356 1258 *quoque
392 1182 505 1239 alatum
537 1189 607 1239 ante
636 1166 780 1239 Perseum
808 1180 976 1239 Mercurius
1009 1176 1151 1240 habuir2.
1204 1179 1374 1240 Probantur

98 1272 102 1281 ¹
163 1278 165 1281 ’
232 1284 323 1359 igitur
352 1286 440 1359 quasi
466 1284 672 1341 monumentis
697 1300 735 1340 ea
757 1301 836 1358 quae
857 1283 1026 1358 Aeschylus
1046 1284 1178 1341 narravit
1201 1284 1233 1341 in
1251 1270 1391 1342 Phorci·¹

231 1385 320 1443 dibus
333 1382 365 1462 3,
378 1386 523 1445 Perseum
545 1405 564 1443 a
585 1384 736 1442 Mercurio
759 1385 918 1460 accepisse
941 1393 973 1442 et
993 1386 1114 1460 galeam
1135 1394 1166 1443 et
1189 1384 1338 1461 crepidas·

330 1487 418 1545 Nova
439 1486 547 1561 galeae
564 1484 661 1544 forma
682 1487 812 1544 occurrit
834 1487 867 1544 in
881 1488 1012 1545 'nummo
1039 1487 1180 1562 cyziceno
1203 1486 1374 1562 antiquiore

231 1586 327 1662 P293
342 1585 435 1662 ’Κυνῆ
459 1587 573 1645 thracia
596 1595 643 1645 est
663 1588 847 1657 acuminata,
868 1588 992 1663 qualem
1013 1608 1040 1646 e.
1062 1605 1091 1661 g.
1114 1586 1257 1663 Orpheus
1283 1587 1376 1646 habet

229 1691 261 1747 in
293 1689 452 1747 notissimo
480 1687 654 1765 anaglypho
684 1690 817 1758 Albano,
852 1689 908 1746 sed
943 1688 998 1746 alis
1033 1689 1183 1765 praedita.
1226 1689 1374 1746 Eiusdem

230 1790 294 1848 lere
326 1791 446 1865 generis
477 1789 570 1851 fuisse
598 1790 719 1848 videtur
746 1791 837 1864 galea
865 1808 957 1865 quam
988 1790 1055 1846 tulit
1083 1791 1216 1865 capitum
1245 1808 1377 1848 manno-

195 1930 199 1940 ·
229 1908 349 1949 reorum
372 1890 395 1947 P
417 1893 446 1967 5,
470 1893 487 1950 6
510 1890 676 1966 exemplar;
702 1884 847 1948 >foramen
871 1891 951 1948 enim
982 1892 1068 1967 quod
1092 1890 1123 1947 in
1145 1891 1302 1967 utriusque
1324 1909 1375 1950 ca·

231 1993 302 2069 pitis
324 2002 411 2069 parte
425 1994 528 2052 media
543 2001 600 2065 est,
623 1995 665 2050 ad
687 1993 902 2068 excipiendum
924 2011 1054 2051 acumen
1075 1993 1149 2051 illud
1171 1993 1291 2051 videtur
1313 1992 1375 2051 sac·

229 2104 295 2153 tum
325 2112 403 2156 esse.
458 2094 621 2152 Praeterea
652 2095 683 2151 in
713 2082 861 2170 capitibus
893 2094 949 2152 illis
982 2107 1189 2169 agnoscuntur
1225 2112 1372 2171 squamae

230 2195 340 2271 quibus
362 2195 482 2271 galeam
506 2195 598 2253 luisse
621 2212 748 2254 aeneam
767 2195 927 2256 indicatur.
971 2195 1050 2271 Ditis
1066 2203 1171 2254 autem
1184 2196 1275 2272 galea
1290 2196 1373 2255 facta

230 2305 278 2354 est
298 2315 317 2353 a
337 2296 518 2374 Cyclopibus
529 2292 551 2356 4.
1262 2316 1264 2319 ·

328 2398 489 2457 Thraciam
511 2398 641 2473 galeam,
664 2398 787 2456 alterius
809 2416 932 2475 quoque
955 2399 1068 2456 nummi
1092 2400 1226 2475 cyziceni
1242 2399 1372 2458 Perseus

225 2508 351 2575 portare
384 2501 511 2574 videtur,
546 2517 731 2577 quamquam
762 2501 804 2558 ibi
836 2516 965 2559 acumen
996 2519 1059 2558 non
1091 2501 1273 2576 agnoscitur.
1323 2501 1371 2560 Eo

232 2602 402 2660 accuratius
417 2603 486 2661 licta
501 2609 548 2659 est
565 2600 674 2660 lacinia
696 2620 714 2659 e
736 2603 906 2678 posteriore
932 2610 1017 2678 parte
1039 2594 1275 2678 pendens'quae
1290 2604 1372 2678 apud

226 2703 361 2763 Thraces
382 2704 465 2780 ipsos
487 2705 564 2763 solet
589 2721 659 2761 esse
684 2706 785 2762 cauda
812 2705 917 2779 vulpis
962 2704 1090 2762 Galeam
1117 2704 1199 2762 illam
1225 2705 1371 2764 thraciam

226 2822 245 2861 a
273 2805 369 2880 quinti
404 2805 517 2863 saeculi
539 2804 778 2863 Atheniensibus
808 2822 903 2880 saepe
932 2814 1083 2879 portatam
1116 2823 1186 2863 esse
1219 2815 1371 2864 testantur

229 2924 254 2966 e.
277 2925 304 2982 g.
328 2907 447 2982 equites
470 2906 502 2964 in
523 2904 725 2964 Parthenonis
747 2905 823 2963 cella
837 2905 955 2980 sculpti
967 2902 990 2965 ⁵.

327 3006 385 3062 Pro
401 3005 541 3063 acumine
557 3006 608 3062 illo
623 3015 734 3080 postea
748 3007 909 3064 inductum
924 3015 973 3063 est
994 3007 1114 3081 aquilae
1130 3017 1230 3083 caput,
1254 3010 1369 3086 quippe

228 3107 312 3180 quod
338 3108 445 3163 melius
474 3108 637 3181 quadraret
666 3109 707 3163 ad
737 3108 809 3166 alas,
855 3106 980 3164 Praeter
1002 3108 1081 3166 hanc
1105 3109 1233 3168 formam
1255 3111 1369 3168 indea

226 3216 333 3283 quarto
356 3209 480 3265 saeculo
502 3208 592 3283 vulgo
614 3208 775 3266 adhibetur
795 3209 893 3283 pileus
914 3210 1059 3285 phrygius
1082 3211 1179 3268 alatus
1201 3211 1314 3270 Perseo
1336 3223 1369 3270 ut

229 3307 388 3366 Persarum
411 3315 500 3365 atavo
523 3309 673 3368 obtrusus.
717 3310 791 3367 Alas
814 3328 851 3367 ex
869 3310 937 3385 ipso
959 3311 1058 3387 capite
1080 3321 1187 3370 enatas
1208 3314 1239 3369 in
1255 3313 1369 3372 Perseo

227 3410 354 3485 antiquo
376 3427 439 3466 non
453 3410 567 3485 inveni;
592 3427 652 3483 qua
667 3427 700 3466 re
714 3402 807 3467 nolim
823 3410 989 3485 capitulum
1004 3414 1161 3487 quoddam
1177 3415 1369 3488 cyrenaicum

225 3529 295 3570 cum
318 3511 487 3569 editoribus
510 3529 554 3571 vv,
577 3513 631 3571 dd.
648 3510 775 3569 Smithio
799 3520 829 3569 et
844 3510 1021 3571 Porcher0⁶
1044 3531 1099 3589 pro
1115 3513 1229 3574 Perseo
1244 3515 1367 3577 habere.
1424 3562 1428 3569 .

327 3612 465 3670 Tertium
487 3612 611 3670 donum·
624 3611 830 3688 Nympharum
856 3615 925 3672 cib
938 3617 947 3672 i
961 3616 1021 3673 sis
1045 3624 1100 3684 est,
1135 3632 1214 3691 quae
1243 3626 1276 3674 et
1304 3618 1370 3693 ipsa

324 3807 335 3845 ¹
354 3812 395 3862 Cf.
414 3812 508 3877 Tychii
527 3812 659 3863 vasculum
677 3814 837 3877 Vorlegebl.
858 3814 927 3868 1889
946 3817 998 3867 tab.
1018 3818 1058 3866 VI
1079 3817 1102 3869 1.
1298 3878 1301 3885 Ι

323 3895 335 3934 2
353 3900 393 3952 Cf.
413 3900 532 3952 Gerhard
549 3905 585 3954 A.
602 3903 636 3954 V.
657 3902 717 3968 110,
733 3901 760 3968 13
782 3905 968 3971 Heydemann,
986 3906 1091 3956 Grieeh.
1110 3909 1225 3959 Vasenb.
1244 3909 1285 3958 ΙΠ
1303 3908 1328 3961 9.

322 3985 424 4055 ³Hyg.
443 3998 512 4056 poet.
532 3998 592 4041 astr.
611 3992 638 4040 H
658 3989 705 4058 123
724 3993 794 4043 Erat.
814 3992 911 4044 Catast.
932 3992 974 4046 22.

323 4075 482 4145 4Apollod.
501 4078 557 4140 12,
579 4080 603 4146 1,
622 4079 647 4133 3.

324 4164 394 4220 5Cs.
413 4169 564 4231 Michaelis,
583 4168 740 4240 Parthenon,
760 4174 813 4225 tab.
832 4172 858 4239 9,
877 4173 902 4225 8.
923 4171 964 4226 15.
986 4173 1030 4241 19;
1058 4174 1099 4241 10,
1119 4175 1143 4227 3.
1162 4175 1188 4227 4.
1208 4175 1251 4228 36,
1289 4179 1365 4227 Furt.

223 4256 363 4321 waengler,
379 4258 449 4309 Berl.
467 4259 631 4313 Winckelm.
649 4262 742 4326 Progr.
763 4261 834 4315 1890
852 4279 878 4329 p.
892 4263 952 4315 160.
981 4263 984 4268 ’
1055 4290 1057 4293 ·
1153 4270 1155 4275 ’

322 4340 435 4394 “Smith
453 4348 504 4396 and
522 4348 646 4408 Porcher,
675 4350 775 4416 history
798 4353 829 4401 of
850 4352 894 4400 the
919 4360 1008 4403 recent
1031 4354 1191 4406 discoveries
1211 4361 1236 4404 at
1255 4356 1363 4422 Cyrene,

223 4433 277 4484 tab.
297 4431 340 4487 75.
