3334 5042
344 670 347 675 '
446 645 727 730 Sententiae
754 644 1109 724 controversae.

247 962 269 1022 I.
313 957 508 1037 Empedoclis
530 977 557 1016 v.
581 956 621 1015 55
645 955 694 1013 ed.
717 953 810 1013 Stein.
832 953 917 1026 lege:

311 1058 393 1122 ἀλλὰ
414 1058 525 1135 κακοῖς
549 1055 607 1131 μὲν
629 1050 730 1131 κάρτα
753 1050 860 1129 μέλει
883 1048 1073 1127 κρατέουσιν
1094 1045 1239 1110 άπιστεῖν

315 1160 400 1237 μέλει
424 1158 591 1219 Clementis
615 1157 660 1216 Al.
683 1157 734 1231 qni
756 1155 886 1213 servavit
909 1171 1026 1213 versum
1048 1153 1122 1210 libri.

233 1282 271 1339 11.
314 1280 383 1340 Plat.
406 1279 488 1336 Men.
511 1296 540 1352 p.
564 1278 602 1335 37
627 1274 655 1332 D
678 1270 747 1334 ἀλλ’
777 1267 841 1348 άρα
863 1269 915 1332 καὶ
942 1268 1060 1347 παιδός
1088 1267 1108 1345 ἡ
1136 1265 1217 1343 αὐτὴ
1245 1264 1353 1343 ἀρετή,

311 1376 337 1440 ὦ
372 1376 497 1447 Μένων,
532 1375 583 1438 καὶ
615 1373 733 1439 δούλου
765 1371 875 1452 άρχειν
902 1369 1031 1435 οἷόντε
1064 1368 1146 1434 εἶναι
1178 1370 1255 1432 τοῦ
1287 1373 1353 1431 δε-

312 1474 507 1552 σπότου,
530 1476 582 1540 καὶ
603 1477 693 1540 δοκεῖ
714 1488 768 1539 σοι
790 1473 837 1538 ἔτι
859 1474 899 1537 ἂν
919 1475 1038 1551 δοῦλος
1061 1470 1141 1536 εἶναι
1163 1469 1182 1534 ὁ
1205 1466 1327 1549 άρχων;

364 1581 498 1639 delenda
519 1590 590 1639 sunt
612 1582 703 1638 verba
724 1580 782 1640 τοῦ
806 1572 980 1641 δεσπότου.

212 1701 266 1761 ΙΙΙ,
311 1716 339 1759 ει.
362 1699 438 1757 Aen.
462 1700 549 1757 Tact.
572 1698 666 1757 XXII
690 1698 728 1755 13
750 1698 840 1775 lego:¹

313 1796 350 1861 Oi
365 1797 401 1862 δέ
416 1818 499 1875 τινες
513 1796 611 1862 τοῦτό
635 1794 688 1875 (sc.
704 1797 742 1860 τὸ
757 1794 867 1873 λίθους
891 1793 1019 1873 βάλλειν
1041 1793 1093 1855 καὶ
1114 1789 1252 1872 ἐρωτᾶν)
1273 1805 1356 1871 φασι

316 1899 474 1978 βλαβερὰν
501 1897 596 1963 εἶναι’
623 1898 700 1976 τοὺς
728 1898 791 1974 γὰρ
815 1895 1014 1975 προσιόντας
1040 1899 1105 1959 τῶν
1132 1893 1294 1971 πολεμίων
1321 1893 1356 1957 ἐν

314 2006 359 2084 τῷ
380 2000 488 2065 σκότει
509 1996 786 2078 προαισθάνεσθαι
814 1996 853 2062 οὗ
882 1996 1096 2075 προσιτητέον
1117 1996 1356 2075 (προσπηγαιον

317 2118 361 2198 Μ,
384 2139 459 2182 corr.
482 2116 600 2197 Haupt)
620 2116 719 2180 ἐστίν.

363 2237 403 2302 οὐ
426 2236 467 2312 Μ,
491 2236 541 2300 ότι
563 2237 602 2299 οὐ
624 2238 739 2315 Haupt.

314 2342 344 2402 b.
366 2342 404 2400 ib.
426 2340 549 2398 XXXII
574 2343 585 2398 l

315 2437 380 2516 άμα
412 2435 508 2518 (ἄλλα
535 2436 578 2518 Μ,
607 2459 679 2500 corr.
709 2437 864 2515 Meineke)
898 2439 934 2501 δὲ
967 2438 1019 2501 καὶ
1049 2436 1266 2515 ὑποθομιάν
1296 2458 1358 2501 κα·

315 2528 411 2602 πνὸν
444 2539 565 2604 πολὺν
600 2537 793 2619 ὑφάπτειν
829 2538 876 2618 ὡς
913 2540 1065 2617 μέγιστον
1100 2543 1165 2619 πῦρ
1201 2543 1357 2605 ποιοῦντα

319 2644 444 2702 alterum
466 2646 589 2702 verbum
612 2646 770 2705 abundare
793 2663 863 2703 cum
886 2645 1090 2720 perspexisset
1105 2644 1225 2720 Hugius
1243 2663 1359 2721 expun-

317 2746 361 2801 xit
382 2739 560 2822 isodomon
582 2744 707 2809 καπνὸν
728 2743 844 2807 solii:
867 2745 1003 2804 delenda
1025 2753 1096 2802 sunt
1118 2746 1220 2821 potius
1236 2742 1359 2806 καπνὸν

315 2843 417 2909 πολὺν
440 2844 607 2925 ὑφάπτειν.
1241 2850 1243 2853 ’

218 2963 273 3023 IV.
317 2985 345 3026 a.
368 2964 465 3024 Plaut.
489 2966 569 3026 Pers.
593 2968 652 3024 759

366 3064 535 3123 Statuite
557 3065 606 3121 hic
628 3064 764 3141 lectuloS,
788 3065 893 3140 ponite
914 3065 963 3123 hic
986 3082 1065 3140 quae
1090 3067 1243 3142 adsplent,

58 3170 79 3237 ε’
317 3184 509 3244 scribendum
532 3191 591 3242 est:
614 3183 752 3244 Sternite.

316 3303 343 3360 b.
367 3303 407 3360 ib.
433 3302 491 3361 773

417 3398 502 3461 Bene
531 3403 603 3462 mihi
631 3405 710 3462 bene
733 3401 820 3464 vdbis
846 3399 924 3464 bine
946 3422 1034 3464 meae
1056 3400 1189 3464 amicae!
1227 3403 1359 3482 Optatus

418 3504 467 3563 hic
487 3505 558 3564 mihi
581 3504 648 3562 dies
671 3505 761 3563 datus
783 3504 877 3563 hodie
899 3515 947 3564 est
969 3507 1018 3564 ab
1039 3507 1107 3564 dis

319 3605 410 3664 deleo
431 3600 486 3665 ‘ab
509 3600 571 3666 dis'
592 3607 692 3666 verba.

240 3722 277 3784 V.
322 3722 474 3800 Calpurnii
495 3743 541 3784 vv.
563 3724 577 3780 Ι
599 3726 721 3785 13-15
751 3727 909 3800 quomodo
936 3726 1108 3803 explicandi
1135 3727 1195 3786 sint
1216 3729 1363 3786 docemur

319 3826 452 3884 carmine
474 3824 604 3901 Priapeo
627 3825 712 3887 XIV.

224 3940 276 4001 VI.
321 3962 347 4005 a.
371 3938 601 4005 στυλοπινάκια
625 3939 731 4023 (Anth.
748 3935 809 4006 Pal.
827 3945 885 4022 III)
908 3947 1047 4007 videntur
1068 3964 1136 4005 esse
1155 3948 1362 4006 columnarum

320 4047 504 4105 caelatarum
525 4046 706 4122 anaglypha.

319 4146 348 4205 b.
372 4146 533 4223 Templum
545 4147 737 4222 Apollonidis
750 4148 934 4225 Cszcenum
945 4150 1001 4207 fuit
1016 4145 1207 4226 περίπτερος
1218 4149 1262 4209 IV
1270 4168 1297 4208 ><
1305 4150 1363 4208 VII

319 4248 525 4305 columnarum
547 4267 650 4308 versus
666 4251 822 4310 meridiem
839 4252 980 4310 directus.
1025 4249 1174 4310 Columne
1189 4251 1264 4309 XlX
1280 4253 1363 4310 vide·

319 4356 368 4404 tur
383 4355 490 4422 postea
507 4350 614 4407 addita
626 4368 710 4425 esse;
733 4348 813 4410 certe
831 4370 895 4409 non
911 4353 1053 4428 peripteri
1071 4361 1189 4425 partem
1201 4353 1362 4414 efficiebat.
