3334 5042
861 311 907 364 144

310 488 410 549 varias
433 488 550 547 formas
572 486 693 564 accepit
712 487 751 545 ab
773 485 943 546 artificibus.
986 485 1207 562 Antiquissima
1221 486 1319 546 forma
1334 487 1454 546 videtur

310 609 378 651 esse
409 607 521 665 magna
553 589 603 648 illa
632 606 716 665 pera,
745 606 838 664 quam
859 588 1014 649 Hesiodus
1038 583 1207 647 describit¹
1229 607 1380 666 quamque
1404 608 1452 648 re-

309 693 446 771 perimus
467 691 499 749 in
521 682 648 750 vasculis
667 691 883 767 antiquissimis
904 692 934 748 K
954 694 980 769 1,
1006 693 1104 760 4-63
1142 708 1217 767 prae
1239 691 1347 749 ceteris
1369 708 1458 750 accu-

296 801 380 853 ‘rata
400 793 482 873 picta
504 802 551 852 est
572 793 605 852 in
625 793 655 851 K
678 794 706 854 6.
748 793 842 853 Paulo
863 793 987 852 inferior
1005 794 1125 851 videtur
1146 812 1215 852 esse
1238 794 1330 853 fiscus
1351 803 1457 852 rotun·

317 897 375 955 dus
397 903 450 957 aut
470 913 562 955 manu
584 902 723 972 portatus
745 903 778 953 ut
799 894 830 952 in
845 895 875 952 K
893 896 920 963 8,
944 896 1030 954 aaut
1044 913 1063 953 e
1077 894 1188 953 baculo
1211 895 1351 970 pendens
1373 903 1408 953 ut
1429 895 1462 953 in

313 998 504 1075 sarcophago
520 999 625 1075 cyprio
641 997 671 1055 K
687 999 735 1058 28.
779 995 858 1055 Tale
873 996 1105 1054 instrumentum
1123 1013 1192 1054 esse
1214 996 1460 1074 antiquissimum

315 1101 461 1158 docemur
481 1108 561 1159 testa
574 1098 745 1173 Mycenaea
763 1099 847 1157 edita
869 1118 888 1156 a
910 1099 1159 1173 Furtwaenglero
1180 1107 1210 1156 et
1233 1097 1425 1158 Loeschckio
1437 1095 1461 1174 2,

315 1203 346 1260 in
375 1220 436 1279 qua
461 1202 560 1278 pictus
589 1210 636 1260 est
664 1199 757 1259 homo
787 1201 829 1257 ad
855 1202 994 1260 dextram
1026 1201 1180 1279 gradiens,
1214 1201 1264 1277 qui
1286 1201 1396 1261 baculo
1417 1201 1461 1258 ad

315 1320 451 1362 umerum
485 1302 634 1361 acclinato
666 1308 768 1378 portat
797 1319 861 1361 rem
888 1302 1044 1377 quandam
1074 1302 1245 1362 rotundam.
1297 1302 1335 1362 In
1365 1301 1460 1378 expli·

318 1405 419 1464 cauda
443 1412 524 1462 testa
545 1403 680 1463 editores
702 1404 762 1463 iam
785 1405 828 1465 ad
850 1404 1073 1480 sarcophagum
1088 1411 1226 1462 nostrum
1240 1405 1461 1480 relegaverunt.

416 1505 485 1564 Hae
508 1506 589 1564 duae
611 1504 727 1562 formae
749 1505 887 1580 quamvis
910 1504 1044 1562 variatae
1065 1520 1122 1580 per
1135 1512 1233 1563 totam
1248 1503 1462 1580 antiquitatem

320 1615 507 1679 manserunt,
539 1608 597 1666 nisi
616 1607 700 1682 quod
728 1606 899 1686 sculptores
930 1607 1075 1682 temporis
1103 1606 1252 1666 inferioris
1273 1625 1368 1684 saepe
1396 1623 1463 1665 om·

319 1711 393 1769 nino
415 1709 580 1768 omiserunt
598 1709 704 1771 cibisin
719 1717 753 1767 ut
772 1709 827 1769 sibi
843 1710 1003 1767 molestam
1018 1717 1049 1766 et
1065 1707 1265 1785 Gorgoneum
1279 1709 1347 1786 ipsa
1360 1707 1462 1768 Persei

318 1828 411 1870 manu
432 1818 588 1886 portatum
610 1810 769 1872 finxerunt.
812 1818 815 1825 '

419 1910 478 1971 Pro
504 1911 591 1971 cibist
610 1911 725 1970 habere
755 1929 818 1971 non
843 1929 969 1988 possum
990 1930 1053 1970 rem
1077 1912 1260 1990 quadratam
1282 1912 1321 1971 ab
1343 1911 1463 1970 adules-

317 2013 440 2074 centulo
462 2014 493 2072 in
515 2022 622 2090 patera
644 2013 752 2071 rhodia
769 2014 866 2072 musei
883 2009 1287 2090 Berolinensisssportatam.
1330 2013 1462 2075 Adules-

312 2124 434 2175 centem
456 2115 538 2174 illum
560 2123 688 2192 propter
706 2117 739 2174 id
754 2117 990 2175 instrumentum
1004 2125 1036 2173 et
1050 2125 1171 2194 propter
1186 2134 1281 2175 uncos
1296 2115 1462 2190 caligarum

319 2216 463 2276 Perseum
479 2217 706 2292 appellaverunt
720 2217 772 2274 viri
789 2218 881 2278 docti.
921 2217 1027 2275 Uncos
1043 2226 1146 2277 autem
1160 2202 1261 2295 neque
1282 2218 1345 2276 alas
1360 2233 1463 2291 neque

315 2318 417 2378 Persei
438 2319 578 2396 proprios
602 2337 670 2378 esse
693 2322 905 2380 demonstrare
926 2338 1018 2397 supra
1039 2329 1168 2379 conatus
1190 2339 1270 2398 sum;
1293 2328 1389 2397 atque
1410 2318 1461 2378 tis·

312 2420 388 2478 cella
403 2419 453 2479 illa
468 2422 620 2497 quadrata
635 2437 727 2497 quam
748 2421 909 2496 plurimum
932 2420 1027 2479 distat
1048 2440 1067 2478 a
1087 2421 1210 2497 reliquis
1230 2420 1330 2479 cibisis
1356 2420 1461 2478 formis

318 2538 420 2596 neque
452 2522 514 2581 ullo
545 2523 640 2581 modo
675 2532 747 2600 apta
779 2531 827 2581 est
854 2525 895 2581 ad
921 2523 1133 2598 excipiendum
1163 2531 1256 2599 caput
1289 2523 1465 2603 humanum.

317 2621 392 2682 Tale
422 2623 657 2684 instrumentum
686 2624 837 2685 invenitur
863 2624 944 2682 inter
965 2623 1207 2700 suppellectilem
1227 2624 1410 2683 muliebrem
1431 2633 1464 2683 et

316 2725 348 2782 in
372 2742 464 2783 manu
486 2724 614 2802 Cephali
635 2727 720 2802 pueri
742 2726 781 2784 ab
797 2725 916 2785 Aurora
938 2721 1074 2803 agitarit
1120 2724 1284 2785 Praeterea
1307 2743 1326 2782 a
1347 2724 1461 2784 Perseo

317 2825 433 2885 alienus
467 2836 515 2885 est
547 2828 641 2898 canis,
676 2828 728 2903 qni
754 2828 833 2885 inter
862 2826 1069 2885 adulescentis
1097 2827 1194 2891 nostri
1221 2828 1320 2903 pedes
1341 2837 1373 2884 et
1395 2827 1461 2901 ipse

316 2928 358 2985 ad
383 2929 522 2987 dextram
551 2928 649 2989 currit.
695 2926 813 3001 Quibus
843 2929 884 2986 de
915 2929 1015 2986 causis
1044 2946 1061 2984 e
1087 2928 1230 3004 catalogo
1253 2947 1323 2988 meo
1350 2928 1466 2986 exclusi

317 3028 461 3088 Perseum
482 3031 565 3088 illum
587 3031 639 3106 qui
662 3030 821 3089 videbatur
843 3047 912 3088 esse
937 3029 1176 3105 antiquissimus.

417 3131 524 3191 Telum
558 3142 630 3210 quoss
646 3132 778 3190 Perseus
803 3131 896 3189 utitur
921 3132 963 3190 ad
991 3130 1153 3189 Medusam
1183 3132 1401 3191 debellandam
1435 3132 1468 3189 in

316 3233 518 3291 monumentis
552 3233 698 3292 archaicis
730 3233 761 3290 in
793 3233 851 3290 hac
885 3250 1008 3308 quoque
1042 3250 1074 3291 re
1112 3233 1354 3308 congruentibus
1394 3250 1463 3290 cum

261 3326 263 3330 ’
317 3334 410 3392 Scuto
432 3333 591 3393 Hesiodea
617 3330 827 3409 (μελάνδετον
856 3327 918 3407 ἄορ
940 3352 965 3395 ν.
992 3329 1064 3409 221)
1091 3334 1272 3408 gladius
1295 3341 1354 3392 est.
1401 3332 1460 3392 Pro

223 3423 226 3429 ¹
316 3429 571 3517 gladio'3'saeculo
585 3433 704 3513 ¹{quinto
730 3436 876 3494 inductus
903 3443 951 3492 est
980 3435 1077 3494 culter
1102 3445 1243 3494 curvatus
1268 3435 1335 3495 salci
1358 3436 1462 3494 similis

318 3539 381 3596 sive
400 3537 461 3597 falx
474 3539 550 3615 ipsa,
577 3538 687 3614 quibus
707 3538 809 3596 formis
831 3536 961 3595 artifices
983 3536 1148 3613 exprimere
1172 3536 1332 3594 voluerunt
1346 3531 1461 3615 ἅρπην,

319 3657 411 3717 quam
433 3642 604 3699 secundum
626 3639 832 3714 Pherecydem
854 3638 982 3696 Perseus
1005 3657 1024 3696 a
1038 3637 1177 3696 Vulcano
1199 3638 1327 3714 accepit.
1371 3639 1466 3715 Apud

316 3741 488 3800 Hesiodum
503 3741 648 3799 Saturnus
664 3740 778 3816 harpe
791 3740 883 3798 utitur
896 3740 937 3796 ad
951 3739 1156 3798 resecandum
1172 3737 1265 3795 Urani
1283 3739 1462 3798 membrum.

317 3842 352 3900 In
373 3842 576 3900 monumentis
599 3841 710 3900 nostris
734 3841 827 3900 semel
851 3841 979 3899 occurrit
998 3841 1060 3900 falx
1084 3847 1198 3898 serrata
1221 3839 1262 3912 (Κ
1294 3836 1379 3916 17)⁵‚
1402 3857 1464 3915 qua

417 4014 427 4052 ¹
447 4018 488 4070 cf.
507 4019 576 4079 Sittl,
594 4022 629 4069 A.
648 4020 673 4084 J.
690 4019 718 4068 H
735 4034 760 4084 p.
775 4015 834 4070 185.

414 4102 618 4173 lMykenische
636 4109 727 4159 Vasen
745 4107 799 4158 tab.
813 4105 857 4172 41,
876 4121 902 4156 n.
915 4102 976 4157 425.

416 4193 428 4231 ³
446 4197 481 4249 N.
494 4193 573 4266 391⁷,
593 4197 636 4248 ed.
655 4194 794 4247 Salzmann
811 4193 838 4245 la
855 4193 999 4260 necropole
1017 4193 1052 4243 de
1070 4193 1172 4244 Camire
1190 4193 1245 4246 tab.
1257 4190 1301 4259 bt,
1314 4193 1344 4246 2.

414 4283 427 4321 ⁴
445 4286 564 4337 Gerhard
581 4287 637 4339 Etr.
656 4285 701 4354 Sp.
722 4283 784 4339 179.
1368 4308 1372 4313 ·

415 4373 484 4427 ⁵Cf.
503 4375 713 4444 instrumentum,
742 4391 794 4440 quo
813 4373 901 4424 Iolaus
919 4373 947 4422 in
967 4386 1027 4421 vase
1046 4371 1129 4435 nigris
1147 4371 1237 4435 figuris
1257 4378 1350 4422 ornato
1369 4369 1420 4438 (M.
1435 4373 1462 4424 d.
