3334 5042
627 406 779 469 f-,11
825 440 870 452 -

39 626 50 675 ι,
156 601 204 663 vir
225 599 392 679 barbatus,
417 600 507 684 cujus
530 603 625 685 oaput
647 598 731 683 pileo
755 606 913 666 ornatum·
929 605 993 666 est'
1034 598 1095 664 Hio
1117 599 1200 664 flexo
1223 584 1314 665 motu

155 705 299 790 gladium
342 706 458 770 mirum
503 707 537 770 in
579 707 708 772 modum
750 707 862 772 dextra
899 711 1043 791 porrecta
1071 728 1146 792 prae
1169 727 1203 770 se
1241 706 1313 772 fert.

153 810 401 897 Apraeeedente
413 814 592 899 respicitur.
606 850 648 860 -
660 813 726 879 Iam
743 815 890 900 agnoscis
905 813 1088 899 Diomedem
1104 818 1137 879 et
1150 812 1284 877 Vlixem.
1290 807 1315 898 ¹)

383 1116 428 1178 10.
455 1114 604 1180 Oenoclroe
633 1116 794 1181 Tarentina
817 1140 890 1179 mua.
915 1117 1090 1181 Britannici

284 1268 394 1327 Colleot.
414 1270 559 1357 Castellani
578 1272 669 1344 (1884)
687 1271 796 1329 mil:
815 1271 907 1328 Jahrb.
926 1274 952 1334 d.
971 1274 1034 1330 lust
1054 1275 1067 1329 Ι
1084 1290 1111 1344 p.
1121 1273 1181 1329 296.

242 1455 326 1520 quae
358 1456 501 1499 scaenam
530 1434 666 1521 exhibet}
687 1457 725 1499 ex
748 1432 811 1500 illis
839 1436 1007 1501 comoediis
1040 1441 1200 1520 sumptam
1236 1455 1315 1517 quas

155 1543 267 1609 Graeci
287 1539 427 1615 Φλύακας
446 1542 664 1606 nominabant,
709 1540 813 1627 Hujus
837 1542 961 1628 generis
983 1543 1109 1607 vascula
1133 1541 1260 1625 collegit
1282 1545 1316 1605 et

153 1635 322 1734 explicarit
354 1648 602 1732 Heydemanuus
624 1648 736 1715 Jahrb.
771 1650 802 1714 d.
826 1649 975 1714 lnstituts
997 1648 1013 1714 I
1036 1672 1067 1733 p.
1092 1650 1156 1716 260
1179 1669 1249 1732 sqq.
1271 1678 1315 1693 -

153 1757 193 1821 In
216 1757 345 1821 sinistra
367 1754 494 1821 tabulae
517 1761 609 1840 parte
633 1755 827 1839 conspicitur
842 1755 953 1823 Vlixes
980 1756 1064 1840 pileo
1088 1761 1120 1821 et
1144 1756 1244 1835 barba
1266 1755 1314 1818 in·

154 1864 261 1945 signis,
286 1862 379 1946 plane
401 1862 513 1938 nudus,
543 1883 675 1945 corpore
697 1862 878 1944 turgidulo;
911 1899 956 1908 -
989 1861 1082 1927 laeva
1116 1883 1197 1947 quae
1230 1861 1317 1925 chla-

155 1969 248 2055 myde
283 1969 478 2034 circumdata
505 1973 554 2034 est
587 1969 662 2032 satis
700 1989 851 2053 magnum
886 1967 1047 2034 Minervae
1079 1969 1205 2054 signum
1240 1965 1316 2044 fert;

157 2076 298 2160 gladium
337 2076 448 2140 dextra
485 2078 583 2139 tenet.
652 2073 764 2160 Capilli
803 2080 881 2141 sunt
917 2075 1041 2153 hirsuti,
1081 2073 1176 2140 facies
1214 2072 1315 2138 foede.

155 2182 251 2248 Torvi
291 2182 374 2247 oculi
413 2182 448 2246 in
486 2179 628 2246 Palladio
661 2182 805 2266 figuntur
844 2186 942 2267 atque
976 2187 1047 2247 tota
1080 2183 1183 2264 figura
1217 2180 1317 2244 admi·

157 2290 280 2355 ratione
313 2286 406 2353 simul
439 2309 476 2352 ao
504 2292 627 2354 terrore
650 2289 769 2352 moveri
792 2289 928 2353 videtur.
975 2289 1125 2373 Sequitur
1150 2287 1317 2375 Diomedes

34 2474 35 2491 ἵ
155 2400 269 2481 exigna
302 2398 423 2459 statura
457 2417 651 2479 corporeque
683 2395 844 2473 debiliore,
879 2396 946 2479 ipso
980 2416 1107 2480 quoque
1141 2395 1249 2460 oculos
1282 2396 1318 2458 in

155 2504 248 2589 signo
271 2502 352 2566 miro
372 2502 485 2586 figens.
509 2500 738 2585 -Vtrimque
761 2502 863 2568 herba
888 2502 1055 2588 aspicitur;
1089 2524 1145 2587 per
1169 2521 1318 2587 campum
1388 2497 1391 2505 ’

34 2610 35 2649 ³
156 2608 258 2695 igitur
279 2629 315 2674 re
331 2607 466 2675 feliciter
480 2613 574 2695 gesta
589 2609 628 2672 ad
644 2613 748 2674 castra
764 2608 957 2674 Graecorum
974 2609 1119 2673 redeunt.
1146 2644 1184 2654 -
1202 2607 1318 2672 Tribus

155 2716 303 2782 orbiculis
326 2716 360 2779 in
383 2736 505 2780 summa
526 2715 637 2781 tabula
659 2716 752 2798 pictis
775 2717 883 2781 stellas
906 2716 1077 2799 significari
1101 2714 1235 2800 opinor(

34 2916 36 2925 ‚
242 2821 332 2887 Duae
356 2826 431 2887 sunt
465 2844 513 2887 res
537 2844 617 2906 quae
651 2822 685 2887 in
708 2822 769 2887 hac
792 2822 901 2887 tabula
925 2822 1103 2904 offendunt:
1140 2820 1317 2886 Palladium
1413 2856 1416 2861 <

154 2930 193 2995 ab
217 2928 311 2993 Vlixe
335 2928 412 2993 ferri
435 2934 530 3013 atque
547 2930 714 3014 utriusque
737 2929 844 2995 herois
867 2930 975 2994 oculos
996 2929 1030 2993 in
1053 2929 1222 2993 simulacro
1245 2948 1317 2991 cum

154 3034 367 3100 admiratione
401 3035 507 3119 defigi.
547 3034 689 3101 Priorem
716 3057 784 3102 rem
813 3057 871 3102 suo
895 3037 977 3120 jure,
1012 3040 1049 3100 ut
1072 3036 1194 3120 opinor,
1230 3033 1317 3118 Hey·

158 3142 333 3206 demonum
371 3142 417 3206 ite
458 3142 638 3226 explicavit,
684 3147 720 3206 ut
757 3143 907 3227 parodiee
941 3164 1035 3207 causa
1068 3141 1154 3207 facta
1187 3141 1239 3217 sit,
1274 3177 1318 3185 -

34 3316 35 3319 ,
154 3270 230 3315 nam
266 3246 301 3311 in
334 3248 478 3312 omnibus
514 3249 626 3313 ceteris
659 3250 880 3327 monumentis,
915 3271 979 3315 uno
1015 3253 1146 3332 excepto
1180 3247 1219 3311 do
1254 3267 1317 3330 quo

152 3360 266 3441 postea
300 3353 417 3432 dicam,
454 3351 628 3421 Palladium
661 3354 856 3422 aDiomede
883 3358 1042 3440 portatur.
1089 3355 1197 3419 Liceat
1218 3353 1318 3437 igitur

154 3461 373 3547 Heydemanni
390 3461 487 3526 verba
509 3461 635 3527 afferre:
663 3460 775 3528 »Diese
798 3462 1020 3546 Abweichung
1042 3484 1115 3527 vom
1137 3460 1317 3526 Landlsufi-

154 3590 216 3653 gen
239 3568 282 3632 ist
305 3567 419 3651 gerade
443 3567 499 3631 der
514 3567 722 3651 Angelpunkt
744 3571 801 3635 der
820 3570 1005 3635 komischen
1020 3567 1134 3635 Scene:
1159 3566 1318 3652 Odysseus

34 3672 38 3705 '³
153 3676 299 3761 gerieben
322 3675 386 3739 und
411 3673 521 3740 schlau
545 3673 604 3738 wie
626 3674 738 3742 immor
762 3678 818 3742 hat
847 3677 914 3742 sich
951 3678 1005 3742 des
1028 3674 1232 3752 Palladiums,
1263 3675 1317 3738 das

224 3880 244 3945 Ι)
263 3875 322 3932 Non
340 3876 433 3931 dubito
451 3876 514 3947 quin
533 3875 606 3931 aliud
618 3877 737 3949 ejusdem
748 3876 851 3933 formae
868 3877 1021 3947 exemplum
1039 3877 1075 3931 sit
1091 3891 1138 3931 vas
1157 3893 1174 3929 a
1192 3875 1225 3929 de
1238 3874 1317 3930 Witte

152 3964 329 4038 descriptum
347 3963 405 4020 Gal.
426 3963 538 4019 Durand
556 3981 598 4020 no.
619 3966 702 4022 13781
729 3965 815 4031 ,Vase
838 3964 855 4020 t
876 3964 979 4032 reliefs,
999 3963 1106 4020 Grande
1124 3963 1216 4019 Grece.
1252 3963 1317 4018 Dio-

34 4052 36 4093 ?
153 4052 229 4110 mede
247 4058 275 4110 et
293 4053 390 4128 Ulysse
409 4052 533 4108 enlevant
549 4054 575 4110 le
593 4055 750 4110 Palladium.
786 4054 858 4109 Tous
880 4054 951 4109 deux
974 4054 1094 4108 tienneut
1117 4050 1203 4123 l’epee
1229 4052 1318 4107 uuest

154 4142 185 4197 la
199 4144 317 4198 maiust
335 4143 491 4198 sontvttus
509 4143 543 4198 ds
561 4144 671 4214 simplos
690 4141 854 4215 chlamydes.
889 4142 986 4214 Ulysse
1009 4146 1051 4196 est
1073 4139 1155 4195 coifft·
1168 4141 1202 4195 du
1222 4139 1317 4214 pile'us.

156 4229 229 4286 tl’est
246 4228 374 4287 Diomtde
392 4232 439 4302 qni
458 4232 564 4289 morolio
583 4233 608 4288 le
626 4232 738 4302 premier
756 4235 784 4286 ot
801 4233 879 4302 porte
897 4230 923 4286 le
942 4229 1115 4293 summanr
