<?xml version="1.0" encoding="UTF-8"?>
<!DOCTYPE html PUBLIC "-//W3C//DTD XHTML 1.0 Transitional//EN"
    "http://www.w3.org/TR/xhtml1/DTD/xhtml1-transitional.dtd">
<html xmlns="http://www.w3.org/1999/xhtml" xml:lang="en" lang="en">
 <head>
  <title>
</title>
<meta http-equiv="Content-Type" content="text/html;charset=utf-8" />
  <meta name='ocr-system' content='tesseract 3.04.00' />
  <meta name='ocr-capabilities' content='ocr_page ocr_carea ocr_par ocr_line ocrx_word'/>
</head>
<body>
  <div class='ocr_page' id='page_1' title='image "./depalladiiraptu00chavgoog_0209.png"; bbox 0 0 3334 5042; ppageno 0'>
   <div class='ocr_carea' id='block_1_1' title="bbox 747 317 781 373">
    <p class='ocr_par' dir='ltr' id='par_1_1' title="bbox 747 317 781 373">
     <span class='ocr_line' id='line_1_1' title="bbox 747 317 781 373; baseline -0.029 0"><span class='ocrx_word' id='word_1_1' title='bbox 747 317 781 373; x_wconf 82' lang='lat'>55</span> 
     </span>
    </p>
   </div>
   <div class='ocr_carea' id='block_1_2' title="bbox 167 494 1368 3702">
    <p class='ocr_par' dir='ltr' id='par_1_2' title="bbox 167 494 1368 3702">
     <span class='ocr_line' id='line_1_2' title="bbox 197 494 1334 573; baseline -0.004 -19"><span class='ocrx_word' id='word_1_2' title='bbox 197 498 302 555; x_wconf 82' lang='lat' dir='ltr'>femori</span> <span class='ocrx_word' id='word_1_3' title='bbox 324 498 508 564; x_wconf 90' lang='lat' dir='ltr'>infulciente,</span> <span class='ocrx_word' id='word_1_4' title='bbox 531 498 615 572; x_wconf 91' lang='lat' dir='ltr'>quod</span> <span class='ocrx_word' id='word_1_5' title='bbox 634 503 821 554; x_wconf 82' lang='lat' dir='ltr'><strong>momentum</strong></span> <span class='ocrx_word' id='word_1_6' title='bbox 841 495 939 573; x_wconf 91' lang='lat' dir='ltr'>pictor</span> <span class='ocrx_word' id='word_1_7' title='bbox 958 504 1112 554; x_wconf 88' lang='lat' dir='ltr'>mutuatus</span> <span class='ocrx_word' id='word_1_8' title='bbox 1127 512 1197 555; x_wconf 88' lang='lat' dir='ltr'>esse</span> <span class='ocrx_word' id='word_1_9' title='bbox 1214 494 1334 552; x_wconf 86' lang='lat' dir='ltr'>videtur</span> 
     </span>
     <span class='ocr_line' id='line_1_3' title="bbox 191 596 1333 673; baseline -0.003 -18"><span class='ocrx_word' id='word_1_10' title='bbox 191 599 230 657; x_wconf 91' lang='lat' dir='ltr'>ab</span> <span class='ocrx_word' id='word_1_11' title='bbox 252 598 384 657; x_wconf 88' lang='lat' dir='ltr'>Hercule</span> <span class='ocrx_word' id='word_1_12' title='bbox 409 615 529 659; x_wconf 87' lang='lat' dir='ltr'>cervam</span> <span class='ocrx_word' id='word_1_13' title='bbox 551 599 707 658; x_wconf 83' lang='lat' dir='ltr'>domante.</span> <span class='ocrx_word' id='word_1_14' title='bbox 751 598 787 655; x_wconf 91' lang='lat' dir='ltr'>ln</span> <span class='ocrx_word' id='word_1_15' title='bbox 809 597 869 668; x_wconf 84' lang='lat'>19,</span> <span class='ocrx_word' id='word_1_16' title='bbox 888 599 934 667; x_wconf 87' lang='lat'>10,</span> <span class='ocrx_word' id='word_1_17' title='bbox 952 600 988 657; x_wconf 83' lang='lat'>13</span> <span class='ocrx_word' id='word_1_18' title='bbox 1012 607 1044 654; x_wconf 91' lang='lat' dir='ltr'>et</span> <span class='ocrx_word' id='word_1_19' title='bbox 1064 598 1149 673; x_wconf 87' lang='lat' dir='ltr'>apud</span> <span class='ocrx_word' id='word_1_20' title='bbox 1165 596 1333 656; x_wconf 90' lang='lat' dir='ltr'>Lucianum</span> 
     </span>
     <span class='ocr_line' id='line_1_4' title="bbox 191 697 1333 776; baseline -0.003 -18"><span class='ocrx_word' id='word_1_21' title='bbox 191 701 278 758; x_wconf 87' lang='lat' dir='ltr'>tertia</span> <span class='ocrx_word' id='word_1_22' title='bbox 299 717 434 776; x_wconf 89' lang='lat' dir='ltr'>persona</span> <span class='ocrx_word' id='word_1_23' title='bbox 455 701 575 758; x_wconf 88' lang='lat' dir='ltr'>accedit</span> <span class='ocrx_word' id='word_1_24' title='bbox 597 699 734 758; x_wconf 88' lang='lat' dir='ltr'>Minerva</span> <span class='ocrx_word' id='word_1_25' title='bbox 756 699 887 774; x_wconf 90' lang='lat' dir='ltr'>clipeum</span> <span class='ocrx_word' id='word_1_26' title='bbox 909 708 1028 773; x_wconf 84' lang='lat' dir='ltr'>tenens,</span> <span class='ocrx_word' id='word_1_27' title='bbox 1065 717 1157 775; x_wconf 90' lang='lat' dir='ltr'>quam</span> <span class='ocrx_word' id='word_1_28' title='bbox 1179 697 1333 774; x_wconf 89' lang='lat' dir='ltr'>composi·</span> 
     </span>
     <span class='ocr_line' id='line_1_5' title="bbox 193 800 1331 876; baseline -0.001 -18"><span class='ocrx_word' id='word_1_29' title='bbox 193 801 284 860; x_wconf 91' lang='lat' dir='ltr'>tionis</span> <span class='ocrx_word' id='word_1_30' title='bbox 306 801 443 876; x_wconf 81' lang='lat' dir='ltr'>integrae</span> <span class='ocrx_word' id='word_1_31' title='bbox 463 809 581 876; x_wconf 91' lang='lat' dir='ltr'>partem</span> <span class='ocrx_word' id='word_1_32' title='bbox 605 800 698 859; x_wconf 87' lang='lat' dir='ltr'>fuisse</span> <span class='ocrx_word' id='word_1_33' title='bbox 719 817 758 858; x_wconf 92' lang='lat' dir='ltr'>eo</span> <span class='ocrx_word' id='word_1_34' title='bbox 781 817 905 876; x_wconf 91' lang='lat' dir='ltr'>quoque</span> <span class='ocrx_word' id='word_1_35' title='bbox 926 800 1080 876; x_wconf 85' lang='lat' dir='ltr'>probatur,</span> <span class='ocrx_word' id='word_1_36' title='bbox 1113 801 1198 876; x_wconf 88' lang='lat' dir='ltr'>quod</span> <span class='ocrx_word' id='word_1_37' title='bbox 1223 801 1254 857; x_wconf 91' lang='lat' dir='ltr'>in</span> <span class='ocrx_word' id='word_1_38' title='bbox 1277 817 1331 857; x_wconf 90' lang='lat' dir='ltr'>au·</span> 
     </span>
     <span class='ocr_line' id='line_1_6' title="bbox 191 902 1329 981; baseline -0.001 -20"><span class='ocrx_word' id='word_1_39' title='bbox 191 903 360 979; x_wconf 88' lang='lat' dir='ltr'>tiquissimo</span> <span class='ocrx_word' id='word_1_40' title='bbox 382 903 522 979; x_wconf 86' lang='lat' dir='ltr'>exemplo</span> <span class='ocrx_word' id='word_1_41' title='bbox 544 902 589 960; x_wconf 85' lang='lat'>17</span> <span class='ocrx_word' id='word_1_42' title='bbox 614 903 640 959; x_wconf 89' lang='lat' dir='ltr'>sl</span> <span class='ocrx_word' id='word_1_43' title='bbox 665 911 783 977; x_wconf 86' lang='lat' dir='ltr'>partem</span> <span class='ocrx_word' id='word_1_44' title='bbox 809 903 952 961; x_wconf 85' lang='lat' dir='ltr'>amissam</span> <span class='ocrx_word' id='word_1_45' title='bbox 979 903 1173 981; x_wconf 82' lang='lat' dir='ltr'>restituimus,</span> <span class='ocrx_word' id='word_1_46' title='bbox 1208 910 1329 960; x_wconf 90' lang='lat' dir='ltr'>tantum</span> 
     </span>
     <span class='ocr_line' id='line_1_7' title="bbox 191 1002 1331 1081; baseline -0.001 -20"><span class='ocrx_word' id='word_1_47' title='bbox 191 1004 278 1080; x_wconf 87' lang='lat' dir='ltr'>spatii</span> <span class='ocrx_word' id='word_1_48' title='bbox 310 1004 487 1081; x_wconf 85' lang='lat' dir='ltr'>relinquitur</span> <span class='ocrx_word' id='word_1_49' title='bbox 519 1011 666 1079; x_wconf 88' lang='lat' dir='ltr'>quantum</span> <span class='ocrx_word' id='word_1_50' title='bbox 698 1003 854 1063; x_wconf 86' lang='lat' dir='ltr'>Minervae</span> <span class='ocrx_word' id='word_1_51' title='bbox 887 1005 983 1079; x_wconf 86' lang='lat' dir='ltr'>figura</span> <span class='ocrx_word' id='word_1_52' title='bbox 1016 1003 1162 1078; x_wconf 65' lang='lat' dir='ltr'>expletus</span> <span class='ocrx_word' id='word_1_53' title='bbox 1212 1002 1331 1060; x_wconf 82' lang='lat' dir='ltr'>Artifex</span> 
     </span>
     <span class='ocr_line' id='line_1_8' title="bbox 190 1104 1329 1186; baseline -0.001 -25"><span class='ocrx_word' id='word_1_54' title='bbox 190 1106 278 1181; x_wconf 89' lang='lat' dir='ltr'>igitur</span> <span class='ocrx_word' id='word_1_55' title='bbox 299 1105 436 1181; x_wconf 86' lang='lat' dir='ltr'>repetivit</span> <span class='ocrx_word' id='word_1_56' title='bbox 456 1113 590 1162; x_wconf 89' lang='lat' dir='ltr'>veterem</span> <span class='ocrx_word' id='word_1_57' title='bbox 613 1105 868 1180; x_wconf 84' lang='lat' dir='ltr'>compositionem</span> <span class='ocrx_word' id='word_1_58' title='bbox 889 1114 1031 1186; x_wconf 77' lang='lat' dir='ltr'>metopae</span> <span class='ocrx_word' id='word_1_59' title='bbox 1048 1104 1238 1162; x_wconf 85' lang='lat' dir='ltr'>Selinuntiae</span> <span class='ocrx_word' id='word_1_60' title='bbox 1254 1121 1329 1162; x_wconf 87' lang='lat' dir='ltr'>suae</span> 
     </span>
     <span class='ocr_line' id='line_1_9' title="bbox 190 1188 1332 1283; baseline -0.002 -19"><span class='ocrx_word' id='word_1_61' title='bbox 190 1207 297 1266; x_wconf 89' lang='lat' dir='ltr'>aetatis</span> <span class='ocrx_word' id='word_1_62' title='bbox 325 1207 450 1283; x_wconf 87' lang='lat' dir='ltr'>ingenio</span> <span class='ocrx_word' id='word_1_63' title='bbox 476 1188 657 1281; x_wconf 80' lang='lat' dir='ltr'>adaptatam</span> <span class='ocrx_word' id='word_1_64' title='bbox 669 1201 690 1265; x_wconf 83' lang='lat'>¹.</span> <span class='ocrx_word' id='word_1_65' title='bbox 734 1208 836 1283; x_wconf 88' lang='lat' dir='ltr'>Atque</span> <span class='ocrx_word' id='word_1_66' title='bbox 864 1206 1018 1264; x_wconf 81' lang='lat' dir='ltr'>clarissimi</span> <span class='ocrx_word' id='word_1_67' title='bbox 1050 1206 1176 1282; x_wconf 90' lang='lat' dir='ltr'>quidem</span> <span class='ocrx_word' id='word_1_68' title='bbox 1208 1203 1332 1263; x_wconf 89' lang='lat' dir='ltr'>artificis</span> 
     </span>
     <span class='ocr_line' id='line_1_10' title="bbox 190 1306 1335 1383; baseline -0.003 -18"><span class='ocrx_word' id='word_1_69' title='bbox 190 1324 268 1383; x_wconf 89' lang='lat' dir='ltr'>opus</span> <span class='ocrx_word' id='word_1_70' title='bbox 301 1306 391 1365; x_wconf 90' lang='lat' dir='ltr'>fuisse</span> <span class='ocrx_word' id='word_1_71' title='bbox 424 1314 692 1375; x_wconf 84' lang='lat' dir='ltr'>monumentorum</span> <span class='ocrx_word' id='word_1_72' title='bbox 721 1314 894 1364; x_wconf 90' lang='lat' dir='ltr'>nostrorum</span> <span class='ocrx_word' id='word_1_73' title='bbox 926 1308 1082 1382; x_wconf 87' lang='lat' dir='ltr'>exemplar</span> <span class='ocrx_word' id='word_1_74' title='bbox 1113 1322 1242 1366; x_wconf 85' lang='lat' dir='ltr'>necesse</span> <span class='ocrx_word' id='word_1_75' title='bbox 1275 1314 1335 1372; x_wconf 88' lang='lat' dir='ltr'>est,</span> 
     </span>
     <span class='ocr_line' id='line_1_11' title="bbox 189 1406 1332 1483; baseline -0.001 -19"><span class='ocrx_word' id='word_1_76' title='bbox 189 1407 276 1483; x_wconf 90' lang='lat' dir='ltr'>quod</span> <span class='ocrx_word' id='word_1_77' title='bbox 296 1425 377 1464; x_wconf 87' lang='lat' dir='ltr'>anno</span> <span class='ocrx_word' id='word_1_78' title='bbox 400 1407 518 1465; x_wconf 89' lang='lat' dir='ltr'>circiter</span> <span class='ocrx_word' id='word_1_79' title='bbox 540 1425 568 1467; x_wconf 91' lang='lat' dir='ltr'>a.</span> <span class='ocrx_word' id='word_1_80' title='bbox 584 1406 618 1467; x_wconf 91' lang='lat' dir='ltr'>C.</span> <span class='ocrx_word' id='word_1_81' title='bbox 633 1426 663 1468; x_wconf 88' lang='lat' dir='ltr'>n.</span> <span class='ocrx_word' id='word_1_82' title='bbox 678 1408 741 1467; x_wconf 81' lang='lat'>400</span> <span class='ocrx_word' id='word_1_83' title='bbox 763 1416 864 1465; x_wconf 90' lang='lat' dir='ltr'>ortum</span> <span class='ocrx_word' id='word_1_84' title='bbox 885 1408 979 1466; x_wconf 91' lang='lat' dir='ltr'>etiam</span> <span class='ocrx_word' id='word_1_85' title='bbox 1001 1407 1122 1466; x_wconf 85' lang='lat' dir='ltr'>infimae</span> <span class='ocrx_word' id='word_1_86' title='bbox 1143 1406 1332 1482; x_wconf 86' lang='lat' dir='ltr'>antiquitatis</span> 
     </span>
     <span class='ocr_line' id='line_1_12' title="bbox 190 1509 632 1585; baseline 0.002 -18"><span class='ocrx_word' id='word_1_87' title='bbox 190 1509 354 1568; x_wconf 87' lang='lat' dir='ltr'>artificibus</span> <span class='ocrx_word' id='word_1_88' title='bbox 377 1509 516 1585; x_wconf 82' lang='lat' dir='ltr'>exemplo</span> <span class='ocrx_word' id='word_1_89' title='bbox 540 1518 632 1570; x_wconf 88' lang='lat' dir='ltr'>esset.</span> 
     </span>
     <span class='ocr_line' id='line_1_13' title="bbox 287 1609 1331 1690; baseline -0.002 -22"><span class='ocrx_word' id='word_1_90' title='bbox 287 1609 336 1668; x_wconf 90' lang='lat' dir='ltr'>De</span> <span class='ocrx_word' id='word_1_91' title='bbox 360 1611 427 1670; x_wconf 87' lang='lat' dir='ltr'>aevi</span> <span class='ocrx_word' id='word_1_92' title='bbox 449 1611 597 1670; x_wconf 86' lang='lat' dir='ltr'>inferioris</span> <span class='ocrx_word' id='word_1_93' title='bbox 620 1613 709 1682; x_wconf 65' lang='lat' dir='ltr'>vasis</span> <span class='ocrx_word' id='word_1_94' title='bbox 732 1629 812 1690; x_wconf 94' lang='lat' dir='ltr'>quae</span> <span class='ocrx_word' id='word_1_95' title='bbox 828 1613 870 1671; x_wconf 88' lang='lat' dir='ltr'>ad</span> <span class='ocrx_word' id='word_1_96' title='bbox 882 1612 1159 1671; x_wconf 86' lang='lat' dir='ltr'>Andromedam</span> <span class='ocrx_word' id='word_1_97' title='bbox 1180 1629 1200 1667; x_wconf 89' lang='lat' dir='ltr'>a</span> <span class='ocrx_word' id='word_1_98' title='bbox 1215 1610 1331 1670; x_wconf 86' lang='lat' dir='ltr'>Perseo</span> 
     </span>
     <span class='ocr_line' id='line_1_14' title="bbox 167 1712 1334 1789; baseline -0.001 -20"><span class='ocrx_word' id='word_1_99' title='bbox 167 1764 170 1769; x_wconf 83' lang='lat'><strong>.</strong></span> <span class='ocrx_word' id='word_1_100' title='bbox 190 1714 349 1772; x_wconf 87' lang='lat' dir='ltr'>liberatam</span> <span class='ocrx_word' id='word_1_101' title='bbox 369 1713 532 1789; x_wconf 87' lang='lat' dir='ltr'>pertinent,</span> <span class='ocrx_word' id='word_1_102' title='bbox 555 1712 713 1772; x_wconf 89' lang='lat' dir='ltr'>Hermann</span> <span class='ocrx_word' id='word_1_103' title='bbox 734 1714 843 1773; x_wconf 86' lang='lat' dir='ltr'>Fedde</span> <span class='ocrx_word' id='word_1_104' title='bbox 867 1713 1123 1788; x_wconf 89' lang='lat' dir='ltr'>Trendelenburg</span> <span class='ocrx_word' id='word_1_105' title='bbox 1145 1712 1262 1769; x_wconf 89' lang='lat' dir='ltr'>Robert</span> <span class='ocrx_word' id='word_1_106' title='bbox 1284 1728 1334 1768; x_wconf 92' lang='lat' dir='ltr'>ac·</span> 
     </span>
     <span class='ocr_line' id='line_1_15' title="bbox 189 1812 1334 1894; baseline -0.001 -22"><span class='ocrx_word' id='word_1_107' title='bbox 189 1823 297 1873; x_wconf 88' lang='lat' dir='ltr'>curate</span> <span class='ocrx_word' id='word_1_108' title='bbox 324 1812 478 1891; x_wconf 75' lang='lat' dir='ltr'>egerunt²</span> <span class='ocrx_word' id='word_1_109' title='bbox 508 1834 607 1894; x_wconf 87' lang='lat' dir='ltr'>eaque</span> <span class='ocrx_word' id='word_1_110' title='bbox 633 1818 779 1893; x_wconf 86' lang='lat' dir='ltr'>inspirata</span> <span class='ocrx_word' id='word_1_111' title='bbox 808 1836 878 1876; x_wconf 89' lang='lat' dir='ltr'>esse</span> <span class='ocrx_word' id='word_1_112' title='bbox 898 1817 1100 1876; x_wconf 87' lang='lat' dir='ltr'>Andromeda</span> <span class='ocrx_word' id='word_1_113' title='bbox 1122 1815 1226 1873; x_wconf 85' lang='lat' dir='ltr'>fabula</span> <span class='ocrx_word' id='word_1_114' title='bbox 1247 1813 1334 1872; x_wconf 92' lang='lat' dir='ltr'>Euri·</span> 
     </span>
     <span class='ocr_line' id='line_1_16' title="bbox 189 1916 1332 1994; baseline -0.001 -21"><span class='ocrx_word' id='word_1_115' title='bbox 189 1917 284 1994; x_wconf 90' lang='lat' dir='ltr'>pidea</span> <span class='ocrx_word' id='word_1_116' title='bbox 304 1917 518 1992; x_wconf 86' lang='lat' dir='ltr'>probaverunt.</span> <span class='ocrx_word' id='word_1_117' title='bbox 561 1916 665 1976; x_wconf 89' lang='lat' dir='ltr'>Unum</span> <span class='ocrx_word' id='word_1_118' title='bbox 695 1928 799 1977; x_wconf 88' lang='lat' dir='ltr'>autem</span> <span class='ocrx_word' id='word_1_119' title='bbox 828 1920 996 1979; x_wconf 88' lang='lat' dir='ltr'>tenendum</span> <span class='ocrx_word' id='word_1_120' title='bbox 1027 1926 1083 1986; x_wconf 87' lang='lat' dir='ltr'>est,</span> <span class='ocrx_word' id='word_1_121' title='bbox 1117 1918 1202 1992; x_wconf 91' lang='lat' dir='ltr'>quod</span> <span class='ocrx_word' id='word_1_122' title='bbox 1224 1916 1332 1974; x_wconf 88' lang='lat' dir='ltr'>merito</span> 
     </span>
     <span class='ocr_line' id='line_1_17' title="bbox 190 2016 1331 2097; baseline 0 -22"><span class='ocrx_word' id='word_1_123' title='bbox 190 2017 447 2093; x_wconf 88' lang='lat' dir='ltr'>Trendelenburg</span> <span class='ocrx_word' id='word_1_124' title='bbox 468 2019 587 2094; x_wconf 88' lang='lat' dir='ltr'>pressit,</span> <span class='ocrx_word' id='word_1_125' title='bbox 611 2036 730 2079; x_wconf 90' lang='lat' dir='ltr'>summa</span> <span class='ocrx_word' id='word_1_126' title='bbox 744 2037 865 2097; x_wconf 86' lang='lat' dir='ltr'>semper</span> <span class='ocrx_word' id='word_1_127' title='bbox 880 2021 1019 2079; x_wconf 86' lang='lat' dir='ltr'>libertate</span> <span class='ocrx_word' id='word_1_128' title='bbox 1035 2016 1165 2076; x_wconf 86' lang='lat' dir='ltr'>artifices</span> <span class='ocrx_word' id='word_1_129' title='bbox 1180 2026 1331 2076; x_wconf 83' lang='lat' dir='ltr'>tractasse</span> 
     </span>
     <span class='ocr_line' id='line_1_18' title="bbox 190 2119 1331 2196; baseline -0.001 -19"><span class='ocrx_word' id='word_1_130' title='bbox 190 2120 392 2195; x_wconf 87' lang='lat' dir='ltr'>tragoediam.</span> <span class='ocrx_word' id='word_1_131' title='bbox 436 2119 573 2195; x_wconf 89' lang='lat' dir='ltr'>Euripidi</span> <span class='ocrx_word' id='word_1_132' title='bbox 595 2120 719 2196; x_wconf 90' lang='lat' dir='ltr'>quidem</span> <span class='ocrx_word' id='word_1_133' title='bbox 742 2122 848 2180; x_wconf 92' lang='lat' dir='ltr'>deberi</span> <span class='ocrx_word' id='word_1_134' title='bbox 875 2122 995 2179; x_wconf 87' lang='lat' dir='ltr'>videtur</span> <span class='ocrx_word' id='word_1_135' title='bbox 1011 2121 1138 2180; x_wconf 89' lang='lat' dir='ltr'>Perseus</span> <span class='ocrx_word' id='word_1_136' title='bbox 1162 2119 1256 2195; x_wconf 87' lang='lat' dir='ltr'>harpe</span> <span class='ocrx_word' id='word_1_137' title='bbox 1277 2119 1331 2176; x_wconf 88' lang='lat' dir='ltr'>ad·</span> 
     </span>
     <span class='ocr_line' id='line_1_19' title="bbox 187 2219 1333 2299; baseline -0.001 -21"><span class='ocrx_word' id='word_1_138' title='bbox 187 2239 295 2281; x_wconf 87' lang='lat' dir='ltr'>versus</span> <span class='ocrx_word' id='word_1_139' title='bbox 307 2219 416 2280; x_wconf 90' lang='lat' dir='ltr'>Cetum</span> <span class='ocrx_word' id='word_1_140' title='bbox 430 2238 571 2298; x_wconf 87' lang='lat' dir='ltr'>pugnans</span> <span class='ocrx_word' id='word_1_141' title='bbox 589 2238 729 2280; x_wconf 88' lang='lat' dir='ltr'>vasorum</span> <span class='ocrx_word' id='word_1_142' title='bbox 753 2221 823 2294; x_wconf 73' lang='lat' dir='ltr'>Qu,</span> <span class='ocrx_word' id='word_1_143' title='bbox 834 2227 869 2298; x_wconf 79' lang='lat'>43</span> <span class='ocrx_word' id='word_1_144' title='bbox 893 2224 979 2299; x_wconf 92' lang='lat' dir='ltr'>quod</span> <span class='ocrx_word' id='word_1_145' title='bbox 1001 2232 1105 2281; x_wconf 86' lang='lat' dir='ltr'>autem</span> <span class='ocrx_word' id='word_1_146' title='bbox 1123 2223 1154 2280; x_wconf 89' lang='lat' dir='ltr'>in</span> <span class='ocrx_word' id='word_1_147' title='bbox 1178 2220 1333 2297; x_wconf 89' lang='lat' dir='ltr'>plerisque</span> 
     </span>
     <span class='ocr_line' id='line_1_20' title="bbox 187 2322 1333 2401; baseline 0.001 -22"><span class='ocrx_word' id='word_1_148' title='bbox 187 2322 319 2382; x_wconf 88' lang='lat' dir='ltr'>vasculis</span> <span class='ocrx_word' id='word_1_149' title='bbox 342 2322 545 2381; x_wconf 85' lang='lat' dir='ltr'>Andromeda</span> <span class='ocrx_word' id='word_1_150' title='bbox 567 2323 692 2399; x_wconf 84' lang='lat' dir='ltr'>alligata</span> <span class='ocrx_word' id='word_1_151' title='bbox 715 2332 763 2382; x_wconf 90' lang='lat' dir='ltr'>est</span> <span class='ocrx_word' id='word_1_152' title='bbox 785 2325 873 2401; x_wconf 88' lang='lat' dir='ltr'>lignis</span> <span class='ocrx_word' id='word_1_153' title='bbox 895 2324 1102 2395; x_wconf 83' lang='lat' dir='ltr'>arboribusve,</span> <span class='ocrx_word' id='word_1_154' title='bbox 1135 2325 1174 2381; x_wconf 92' lang='lat' dir='ltr'>de</span> <span class='ocrx_word' id='word_1_155' title='bbox 1198 2340 1255 2381; x_wconf 90' lang='lat' dir='ltr'>suo</span> <span class='ocrx_word' id='word_1_156' title='bbox 1276 2324 1333 2380; x_wconf 86' lang='lat' dir='ltr'>ad·</span> 
     </span>
     <span class='ocr_line' id='line_1_21' title="bbox 187 2424 1331 2503; baseline -0.003 -19"><span class='ocrx_word' id='word_1_157' title='bbox 187 2425 335 2484; x_wconf 89' lang='lat' dir='ltr'>diderunt</span> <span class='ocrx_word' id='word_1_158' title='bbox 354 2424 497 2500; x_wconf 64' lang='lat' dir='ltr'>pictores</span> <span class='ocrx_word' id='word_1_159' title='bbox 532 2426 640 2500; x_wconf 88' lang='lat' dir='ltr'>quibus</span> <span class='ocrx_word' id='word_1_160' title='bbox 664 2443 770 2485; x_wconf 86' lang='lat' dir='ltr'>saxum</span> <span class='ocrx_word' id='word_1_161' title='bbox 792 2426 841 2485; x_wconf 91' lang='lat' dir='ltr'>cui</span> <span class='ocrx_word' id='word_1_162' title='bbox 863 2427 948 2503; x_wconf 91' lang='lat' dir='ltr'>apud</span> <span class='ocrx_word' id='word_1_163' title='bbox 970 2426 1147 2503; x_wconf 90' lang='lat' dir='ltr'>Euripidem</span> <span class='ocrx_word' id='word_1_164' title='bbox 1170 2424 1261 2483; x_wconf 84' lang='lat' dir='ltr'>affixa</span> <span class='ocrx_word' id='word_1_165' title='bbox 1283 2433 1331 2482; x_wconf 91' lang='lat' dir='ltr'>est</span> 
     </span>
     <span class='ocr_line' id='line_1_22' title="bbox 186 2525 1331 2603; baseline 0.001 -20"><span class='ocrx_word' id='word_1_166' title='bbox 186 2526 389 2584; x_wconf 87' lang='lat' dir='ltr'>Andromeda</span> <span class='ocrx_word' id='word_1_167' title='bbox 417 2525 570 2585; x_wconf 84' lang='lat' dir='ltr'>difficilius</span> <span class='ocrx_word' id='word_1_168' title='bbox 599 2528 641 2584; x_wconf 91' lang='lat' dir='ltr'>ad</span> <span class='ocrx_word' id='word_1_169' title='bbox 667 2529 858 2603; x_wconf 89' lang='lat' dir='ltr'>pingendum</span> <span class='ocrx_word' id='word_1_170' title='bbox 881 2529 975 2587; x_wconf 90' lang='lat' dir='ltr'>visum</span> <span class='ocrx_word' id='word_1_171' title='bbox 996 2537 1050 2589; x_wconf 90' lang='lat' dir='ltr'>est.</span> <span class='ocrx_word' id='word_1_172' title='bbox 1095 2527 1196 2586; x_wconf 89' lang='lat' dir='ltr'>Unum</span> <span class='ocrx_word' id='word_1_173' title='bbox 1219 2543 1331 2585; x_wconf 86' lang='lat' dir='ltr'>monu-</span> 
     </span>
     <span class='ocr_line' id='line_1_23' title="bbox 186 2628 1328 2707; baseline -0.002 -20"><span class='ocrx_word' id='word_1_174' title='bbox 186 2635 324 2687; x_wconf 87' lang='lat' dir='ltr'>mentum</span> <span class='ocrx_word' id='word_1_175' title='bbox 353 2628 445 2702; x_wconf 85' lang='lat' dir='ltr'>plane</span> <span class='ocrx_word' id='word_1_176' title='bbox 476 2646 544 2687; x_wconf 91' lang='lat' dir='ltr'>cum</span> <span class='ocrx_word' id='word_1_177' title='bbox 572 2629 733 2705; x_wconf 84' lang='lat' dir='ltr'>tragoedia</span> <span class='ocrx_word' id='word_1_178' title='bbox 760 2646 928 2705; x_wconf 83' lang='lat' dir='ltr'>congruere</span> <span class='ocrx_word' id='word_1_179' title='bbox 955 2630 1090 2687; x_wconf 89' lang='lat' dir='ltr'>videtur:</span> <span class='ocrx_word' id='word_1_180' title='bbox 1124 2629 1328 2707; x_wconf 86' lang='lat' dir='ltr'>anaglyphum</span> 
     </span>
     <span class='ocr_line' id='line_1_24' title="bbox 185 2727 1327 2806; baseline 0.001 -20"><span class='ocrx_word' id='word_1_181' title='bbox 185 2729 279 2787; x_wconf 79' lang='lat' dir='ltr'>fictile</span> <span class='ocrx_word' id='word_1_182' title='bbox 300 2727 329 2803; x_wconf 89' lang='lat' dir='ltr'>Q</span> <span class='ocrx_word' id='word_1_183' title='bbox 353 2730 391 2790; x_wconf 91' lang='lat'>18</span> <span class='ocrx_word' id='word_1_184' title='bbox 422 2730 505 2788; x_wconf 90' lang='lat' dir='ltr'>haud</span> <span class='ocrx_word' id='word_1_185' title='bbox 533 2731 577 2789; x_wconf 90' lang='lat' dir='ltr'>ita</span> <span class='ocrx_word' id='word_1_186' title='bbox 603 2730 697 2789; x_wconf 88' lang='lat' dir='ltr'>multo</span> <span class='ocrx_word' id='word_1_187' title='bbox 724 2740 795 2806; x_wconf 89' lang='lat' dir='ltr'>post</span> <span class='ocrx_word' id='word_1_188' title='bbox 817 2732 1047 2790; x_wconf 88' lang='lat' dir='ltr'>Andromedam</span> <span class='ocrx_word' id='word_1_189' title='bbox 1076 2740 1178 2789; x_wconf 88' lang='lat' dir='ltr'>actam</span> <span class='ocrx_word' id='word_1_190' title='bbox 1199 2731 1327 2788; x_wconf 88' lang='lat' dir='ltr'>Athenis</span> 
     </span>
     <span class='ocr_line' id='line_1_25' title="bbox 186 2821 1368 2908; baseline -0.002 -19"><span class='ocrx_word' id='word_1_191' title='bbox 186 2838 297 2889; x_wconf 90' lang='lat' dir='ltr'>ortum.</span> <span class='ocrx_word' id='word_1_192' title='bbox 340 2829 398 2890; x_wconf 89' lang='lat' dir='ltr'>Hic</span> <span class='ocrx_word' id='word_1_193' title='bbox 421 2832 549 2890; x_wconf 89' lang='lat' dir='ltr'>Perseus</span> <span class='ocrx_word' id='word_1_194' title='bbox 572 2833 667 2889; x_wconf 91' lang='lat' dir='ltr'>modo</span> <span class='ocrx_word' id='word_1_195' title='bbox 690 2833 860 2890; x_wconf 87' lang='lat' dir='ltr'>adveniens</span> <span class='ocrx_word' id='word_1_196' title='bbox 883 2831 976 2889; x_wconf 85' lang='lat' dir='ltr'>etad</span> <span class='ocrx_word' id='word_1_197' title='bbox 997 2831 1143 2906; x_wconf 89' lang='lat' dir='ltr'>virginem</span> <span class='ocrx_word' id='word_1_198' title='bbox 1171 2833 1237 2908; x_wconf 91' lang='lat' dir='ltr'>rupi</span> <span class='ocrx_word' id='word_1_199' title='bbox 1265 2830 1328 2889; x_wconf 83' lang='lat' dir='ltr'>atfi·</span> <span class='ocrx_word' id='word_1_200' title='bbox 1366 2821 1368 2824; x_wconf 51' lang='grc'>’</span> 
     </span>
     <span class='ocr_line' id='line_1_26' title="bbox 185 2932 882 3007; baseline 0.006 -19"><span class='ocrx_word' id='word_1_201' title='bbox 185 2949 256 2991; x_wconf 81' lang='lat' dir='ltr'>xant</span> <span class='ocrx_word' id='word_1_202' title='bbox 280 2932 448 3007; x_wconf 85' lang='lat' dir='ltr'>suspiciens</span> <span class='ocrx_word' id='word_1_203' title='bbox 471 2951 503 2990; x_wconf 89' lang='lat' dir='ltr'>re</span> <span class='ocrx_word' id='word_1_204' title='bbox 525 2951 598 2992; x_wconf 89' lang='lat' dir='ltr'>vera</span> <span class='ocrx_word' id='word_1_205' title='bbox 620 2933 723 2991; x_wconf 86' lang='lat' dir='ltr'>dicere</span> <span class='ocrx_word' id='word_1_206' title='bbox 746 2934 882 2992; x_wconf 87' lang='lat' dir='ltr'>videtur.</span> 
     </span>
     <span class='ocr_line' id='line_1_27' title="bbox 383 3028 1070 3111; baseline 0.001 -18"><span class='ocrx_word' id='word_1_207' title='bbox 383 3029 455 3102; x_wconf 89' lang='grc' dir='ltr'>Ἔα,</span> <span class='ocrx_word' id='word_1_208' title='bbox 477 3030 536 3096; x_wconf 85' lang='grc' dir='ltr'>τίν’</span> <span class='ocrx_word' id='word_1_209' title='bbox 559 3029 659 3110; x_wconf 84' lang='grc' dir='ltr'>ὄχθον</span> <span class='ocrx_word' id='word_1_210' title='bbox 681 3028 768 3096; x_wconf 77' lang='grc' dir='ltr'>τόνδ’</span> <span class='ocrx_word' id='word_1_211' title='bbox 791 3031 859 3110; x_wconf 84' lang='grc' dir='ltr'>ὁρῶ</span> <span class='ocrx_word' id='word_1_212' title='bbox 880 3029 1070 3111; x_wconf 86' lang='grc' dir='ltr'>περρίρυτον</span> 
     </span>
     <span class='ocr_line' id='line_1_28' title="bbox 386 3130 1098 3215; baseline -0.001 -19"><span class='ocrx_word' id='word_1_213' title='bbox 386 3130 481 3215; x_wconf 83' lang='grc' dir='ltr'>ἀφρῷ</span> <span class='ocrx_word' id='word_1_214' title='bbox 503 3131 674 3211; x_wconf 79' lang='grc' dir='ltr'>θαλάσσης</span> <span class='ocrx_word' id='word_1_215' title='bbox 696 3134 860 3211; x_wconf 86' lang='grc' dir='ltr'>παρθένου</span> <span class='ocrx_word' id='word_1_216' title='bbox 882 3131 909 3196; x_wconf 87' lang='grc' dir='ltr'>τ’</span> <span class='ocrx_word' id='word_1_217' title='bbox 933 3131 1007 3197; x_wconf 83' lang='grc' dir='ltr'>εἰκώ</span> <span class='ocrx_word' id='word_1_218' title='bbox 1027 3153 1098 3198; x_wconf 84' lang='grc' dir='ltr'>τινα</span> 
     </span>
     <span class='ocr_line' id='line_1_29' title="bbox 387 3232 1037 3315; baseline 0.002 -18"><span class='ocrx_word' id='word_1_219' title='bbox 387 3232 419 3300; x_wconf 80' lang='grc' dir='ltr'>ἐξ</span> <span class='ocrx_word' id='word_1_220' title='bbox 443 3232 659 3314; x_wconf 86' lang='grc' dir='ltr'>αὐτομόρφων</span> <span class='ocrx_word' id='word_1_221' title='bbox 682 3235 803 3300; x_wconf 82' lang='grc' dir='ltr'>λαῖνων</span> <span class='ocrx_word' id='word_1_222' title='bbox 825 3234 1037 3315; x_wconf 83' lang='grc' dir='ltr'>τειχισμάτων</span> 
     </span>
     <span class='ocr_line' id='line_1_30' title="bbox 386 3332 1020 3418; baseline -0.002 -20"><span class='ocrx_word' id='word_1_223' title='bbox 386 3340 497 3416; x_wconf 81' lang='grc' dir='ltr'>σοφῆς</span> <span class='ocrx_word' id='word_1_224' title='bbox 520 3333 648 3412; x_wconf 78' lang='grc' dir='ltr'>ἄγαλμα</span> <span class='ocrx_word' id='word_1_225' title='bbox 671 3335 780 3414; x_wconf 84' lang='grc' dir='ltr'>χειρός</span> <span class='ocrx_word' id='word_1_226' title='bbox 802 3332 850 3418; x_wconf 81' lang='lat' dir='ltr'>(tr.</span> <span class='ocrx_word' id='word_1_227' title='bbox 875 3341 933 3397; x_wconf 81' lang='lat'>125</span> <span class='ocrx_word' id='word_1_228' title='bbox 957 3338 1020 3411; x_wconf 64' lang='lat' dir='ltr'>Nl.</span> 
     </span>
     <span class='ocr_line' id='line_1_31' title="bbox 285 3438 1330 3518; baseline 0.001 -21"><span class='ocrx_word' id='word_1_229' title='bbox 285 3439 350 3497; x_wconf 88' lang='lat' dir='ltr'>lam</span> <span class='ocrx_word' id='word_1_230' title='bbox 373 3442 582 3516; x_wconf 87' lang='lat' dir='ltr'>quaerendum</span> <span class='ocrx_word' id='word_1_231' title='bbox 604 3450 652 3498; x_wconf 85' lang='lat' dir='ltr'>est</span> <span class='ocrx_word' id='word_1_232' title='bbox 673 3459 778 3498; x_wconf 89' lang='lat' dir='ltr'>nonne</span> <span class='ocrx_word' id='word_1_233' title='bbox 800 3441 863 3498; x_wconf 91' lang='lat' dir='ltr'>ulla</span> <span class='ocrx_word' id='word_1_234' title='bbox 885 3441 945 3497; x_wconf 88' lang='lat' dir='ltr'>alia</span> <span class='ocrx_word' id='word_1_235' title='bbox 966 3459 1004 3498; x_wconf 84' lang='lat' dir='ltr'>ex</span> <span class='ocrx_word' id='word_1_236' title='bbox 1018 3440 1120 3498; x_wconf 88' lang='lat' dir='ltr'>multis</span> <span class='ocrx_word' id='word_1_237' title='bbox 1136 3457 1215 3518; x_wconf 86' lang='lat' dir='ltr'>quae</span> <span class='ocrx_word' id='word_1_238' title='bbox 1227 3438 1330 3498; x_wconf 89' lang='lat' dir='ltr'>Persei</span> 
     </span>
     <span class='ocr_line' id='line_1_32' title="bbox 185 3540 1329 3617; baseline -0.001 -18"><span class='ocrx_word' id='word_1_239' title='bbox 185 3540 323 3600; x_wconf 86' lang='lat' dir='ltr'>fabulam</span> <span class='ocrx_word' id='word_1_240' title='bbox 355 3550 560 3599; x_wconf 84' lang='lat' dir='ltr'>tractaverunt</span> <span class='ocrx_word' id='word_1_241' title='bbox 594 3541 761 3616; x_wconf 88' lang='lat' dir='ltr'>tragoediis</span> <span class='ocrx_word' id='word_1_242' title='bbox 795 3541 924 3615; x_wconf 84' lang='lat' dir='ltr'>vestigia</span> <span class='ocrx_word' id='word_1_243' title='bbox 957 3541 1108 3616; x_wconf 89' lang='lat' dir='ltr'>reliquerit</span> <span class='ocrx_word' id='word_1_244' title='bbox 1138 3542 1169 3598; x_wconf 89' lang='lat' dir='ltr'>in</span> <span class='ocrx_word' id='word_1_245' title='bbox 1198 3540 1329 3617; x_wconf 88' lang='lat' dir='ltr'>Magnae</span> 
     </span>
     <span class='ocr_line' id='line_1_33' title="bbox 188 3640 452 3702; baseline 0.011 -3"><span class='ocrx_word' id='word_1_246' title='bbox 188 3640 341 3701; x_wconf 86' lang='lat' dir='ltr'>Graeciae</span> <span class='ocrx_word' id='word_1_247' title='bbox 363 3641 452 3702; x_wconf 88' lang='lat' dir='ltr'>vasis.</span> 
     </span>
    </p>
   </div>
   <div class='ocr_carea' id='block_1_3' title="bbox 186 3726 1331 3919">
    <p class='ocr_par' dir='ltr' id='par_1_3' title="bbox 186 3726 1331 3919">
     <span class='ocr_line' id='line_1_34' title="bbox 284 3726 1330 3819; baseline 0.002 -19"><span class='ocrx_word' id='word_1_248' title='bbox 284 3744 311 3801; x_wconf 83' lang='lat' dir='ltr'>A</span> <span class='ocrx_word' id='word_1_249' title='bbox 330 3741 518 3801; x_wconf 82' lang='lat' dir='ltr'>Benndorfio</span> <span class='ocrx_word' id='word_1_250' title='bbox 532 3726 778 3819; x_wconf 77' lang='lat' dir='ltr'>Vorlegeblatter</span> <span class='ocrx_word' id='word_1_251' title='bbox 801 3759 859 3801; x_wconf 72' lang='lat' dir='ltr'>ser.</span> <span class='ocrx_word' id='word_1_252' title='bbox 882 3742 907 3798; x_wconf 86' lang='lat' dir='ltr'>B</span> <span class='ocrx_word' id='word_1_253' title='bbox 928 3742 971 3799; x_wconf 86' lang='lat' dir='ltr'>rv</span> <span class='ocrx_word' id='word_1_254' title='bbox 988 3746 1003 3802; x_wconf 94' lang='lat'>1</span> <span class='ocrx_word' id='word_1_255' title='bbox 1027 3749 1099 3817; x_wconf 80' lang='lat' dir='ltr'>post</span> <span class='ocrx_word' id='word_1_256' title='bbox 1120 3743 1330 3819; x_wconf 81' lang='lat' dir='ltr'>Millingenum</span> 
     </span>
     <span class='ocr_line' id='line_1_35' title="bbox 186 3844 1331 3919; baseline 0.002 -19"><span class='ocrx_word' id='word_1_257' title='bbox 186 3844 279 3919; x_wconf 88' lang='lat' dir='ltr'>peint.</span> <span class='ocrx_word' id='word_1_258' title='bbox 303 3852 363 3904; x_wconf 71' lang='lat' dir='ltr'>ant:</span> <span class='ocrx_word' id='word_1_259' title='bbox 387 3846 428 3904; x_wconf 89' lang='lat' dir='ltr'>de</span> <span class='ocrx_word' id='word_1_260' title='bbox 451 3861 540 3904; x_wconf 85' lang='lat' dir='ltr'>vases</span> <span class='ocrx_word' id='word_1_261' title='bbox 564 3846 603 3905; x_wconf 82' lang='lat'>23</span> <span class='ocrx_word' id='word_1_262' title='bbox 627 3846 736 3903; x_wconf 88' lang='lat' dir='ltr'>iterum</span> <span class='ocrx_word' id='word_1_263' title='bbox 755 3844 841 3902; x_wconf 84' lang='lat' dir='ltr'>edita</span> <span class='ocrx_word' id='word_1_264' title='bbox 864 3852 910 3902; x_wconf 89' lang='lat' dir='ltr'>est</span> <span class='ocrx_word' id='word_1_265' title='bbox 931 3846 1048 3919; x_wconf 89' lang='lat' dir='ltr'>pictura</span> <span class='ocrx_word' id='word_1_266' title='bbox 1070 3844 1148 3902; x_wconf 88' lang='lat' dir='ltr'>vasis</span> <span class='ocrx_word' id='word_1_267' title='bbox 1170 3844 1201 3902; x_wconf 89' lang='lat' dir='ltr'>in</span> <span class='ocrx_word' id='word_1_268' title='bbox 1223 3844 1331 3903; x_wconf 90' lang='lat' dir='ltr'>biblio·</span> 
     </span>
    </p>
   </div>
   <div class='ocr_carea' id='block_1_4' title="bbox 185 4095 1333 4430">
    <p class='ocr_par' dir='ltr' id='par_1_4' title="bbox 185 4095 1333 4342">
     <span class='ocr_line' id='line_1_36' title="bbox 285 4095 1333 4164; baseline -0.004 -14"><span class='ocrx_word' id='word_1_269' title='bbox 285 4095 379 4150; x_wconf 78' lang='grc' dir='ltr'>1Νοο</span> <span class='ocrx_word' id='word_1_270' title='bbox 404 4115 478 4150; x_wconf 86' lang='lat' dir='ltr'>secus</span> <span class='ocrx_word' id='word_1_271' title='bbox 506 4114 536 4150; x_wconf 81' lang='lat' dir='ltr'>ac</span> <span class='ocrx_word' id='word_1_272' title='bbox 558 4104 674 4149; x_wconf 83' lang='lat' dir='ltr'>veterem</span> <span class='ocrx_word' id='word_1_273' title='bbox 700 4098 921 4163; x_wconf 86' lang='lat' dir='ltr'>compositionem</span> <span class='ocrx_word' id='word_1_274' title='bbox 939 4098 1048 4148; x_wconf 89' lang='lat' dir='ltr'>Amasis</span> <span class='ocrx_word' id='word_1_275' title='bbox 1067 4099 1091 4163; x_wconf 80' lang='lat' dir='ltr'>(I</span> <span class='ocrx_word' id='word_1_276' title='bbox 1110 4097 1137 4164; x_wconf 79' lang='lat'>2)</span> <span class='ocrx_word' id='word_1_277' title='bbox 1160 4097 1333 4148; x_wconf 87' lang='lat' dir='ltr'>recentiorem</span> 
     </span>
     <span class='ocr_line' id='line_1_37' title="bbox 185 4186 1332 4255; baseline -0.004 -15"><span class='ocrx_word' id='word_1_278' title='bbox 185 4188 293 4241; x_wconf 83' lang='lat' dir='ltr'>mutavit</span> <span class='ocrx_word' id='word_1_279' title='bbox 310 4188 412 4239; x_wconf 87' lang='lat' dir='ltr'>vasculi</span> <span class='ocrx_word' id='word_1_280' title='bbox 428 4187 478 4242; x_wconf 89' lang='lat'>18</span> <span class='ocrx_word' id='word_1_281' title='bbox 502 4188 586 4255; x_wconf 89' lang='lat' dir='ltr'>pictor</span> <span class='ocrx_word' id='word_1_282' title='bbox 610 4188 720 4238; x_wconf 88' lang='lat' dir='ltr'>inducto</span> <span class='ocrx_word' id='word_1_283' title='bbox 743 4202 791 4253; x_wconf 88' lang='lat' dir='ltr'>pro</span> <span class='ocrx_word' id='word_1_284' title='bbox 815 4188 937 4237; x_wconf 85' lang='lat' dir='ltr'>Minerva</span> <span class='ocrx_word' id='word_1_285' title='bbox 955 4186 1096 4246; x_wconf 87' lang='lat' dir='ltr'>Mercurio,</span> <span class='ocrx_word' id='word_1_286' title='bbox 1124 4187 1169 4252; x_wconf 88' lang='lat' dir='ltr'>qui</span> <span class='ocrx_word' id='word_1_287' title='bbox 1192 4187 1225 4236; x_wconf 86' lang='lat' dir='ltr'>ab</span> <span class='ocrx_word' id='word_1_288' title='bbox 1250 4186 1332 4235; x_wconf 86' lang='lat' dir='ltr'>altera</span> 
     </span>
     <span class='ocr_line' id='line_1_38' title="bbox 185 4273 847 4342; baseline -0.003 -14"><span class='ocrx_word' id='word_1_289' title='bbox 185 4278 313 4329; x_wconf 89' lang='lat' dir='ltr'>Medusae</span> <span class='ocrx_word' id='word_1_290' title='bbox 331 4281 406 4342; x_wconf 83' lang='lat' dir='ltr'>parte</span> <span class='ocrx_word' id='word_1_291' title='bbox 424 4276 536 4327; x_wconf 89' lang='lat' dir='ltr'>accurrit</span> <span class='ocrx_word' id='word_1_292' title='bbox 553 4276 681 4325; x_wconf 86' lang='lat' dir='ltr'>Perseum</span> <span class='ocrx_word' id='word_1_293' title='bbox 702 4273 847 4326; x_wconf 90' lang='lat' dir='ltr'>adiuturus.</span> 
     </span>
    </p>

    <p class='ocr_par' dir='ltr' id='par_1_5' title="bbox 283 4361 683 4430">
     <span class='ocr_line' id='line_1_39' title="bbox 283 4361 683 4430; baseline -0.003 -15"><span class='ocrx_word' id='word_1_294' title='bbox 283 4361 353 4417; x_wconf 62' lang='grc' dir='ltr'>Ἥ.</span> <span class='ocrx_word' id='word_1_295' title='bbox 373 4365 467 4430; x_wconf 81' lang='lat' dir='ltr'>scripta</span> <span class='ocrx_word' id='word_1_296' title='bbox 485 4381 511 4430; x_wconf 91' lang='lat' dir='ltr'>p.</span> <span class='ocrx_word' id='word_1_297' title='bbox 531 4363 548 4416; x_wconf 80' lang='lat'><strong>2</strong></span> <span class='ocrx_word' id='word_1_298' title='bbox 568 4363 683 4414; x_wconf 76' lang='lat' dir='ltr'>laudata.</span> 
     </span>
    </p>
   </div>
   <div class='ocr_carea' id='block_1_5' title="bbox 0 0 1672 5042">
    <p class='ocr_par' dir='ltr' id='par_1_6' title="bbox 0 0 1672 5042">
     <span class='ocr_line' id='line_1_40' title="bbox 0 0 1672 5042; baseline 0 1"><span class='ocrx_word' id='word_1_299' title='bbox 0 0 1672 5042; x_wconf 95' lang='lat' dir='ltr'> </span> 
     </span>
    </p>
   </div>
  </div>
 </body>
</html>
