3334 5042
228 421 335 506 (295),
373 423 465 485 cuius
489 444 568 508 pars
602 420 737 486 inferior
766 423 883 507 anguis
908 421 1061 486 terribilis
1086 432 1156 486 erat
1184 421 1292 509 (299);
1323 422 1404 487 Ceto

229 528 330 614 (238),
354 527 528 594 multorum
553 539 773 595 monstrorum
797 529 921 615 proava
945 529 1026 614 (270
1042 527 1118 616 sq.).
1154 529 1262 615 Atque
1287 530 1405 595 iisdem

229 638 327 701 etiam
353 636 525 721 Gorgones
549 638 694 700 insertae
719 646 803 701 sunt.
852 636 963 717 Quare
986 635 1042 700 illa
1064 637 1198 701 Pindari
1223 660 1304 702 voce
1328 661 1403 724 per·

228 747 346 811 sectam
377 743 540 828 Gorgonis
568 741 844 829 pulchritudinem
874 744 981 807 evinci
1007 744 1194 828 negandum
1225 756 1283 809 est.
1329 744 1405 809 Pul·

230 854 392 917 chriorem
427 859 536 915 autem
577 850 723 934 Gorgoni
759 851 905 936 speciem
939 874 958 915 a
983 851 1119 937 Myrone
1156 853 1259 938 primo
1296 852 1406 916 datam

229 984 305 1026 esse
328 956 576 1044 Furtwaengler
600 959 759 1044 opinatur.
771 961 795 1039 1)
1247 1036 1249 1041 ι

317 1068 423 1131 Tanta
434 1075 543 1131 autem
558 1067 588 1129 ei
605 1065 792 1130 formositas
806 1067 929 1130 sensim
944 1065 1189 1149 attribuebatur,
1202 1076 1237 1130 ut
1249 1068 1405 1153 pristinae

228 1176 395 1241 foeditatis
420 1174 578 1238 memoria
602 1175 785 1259 anguineae
810 1172 916 1238 solum
946 1196 1058 1238 comae
1082 1178 1285 1259 restarent.²)
1331 1174 1405 1238 Non

228 1306 307 1348 vero
330 1281 417 1346 hanc
434 1280 599 1365 Gorgonis
624 1281 771 1366 speciem
787 1280 827 1345 ab
848 1278 1080 1344 Alexandrinis
1098 1280 1406 1367 metamorphoseon

229 1391 334 1476 poetis
357 1386 543 1474 neglectam
567 1386 625 1450 sed
650 1388 750 1450 arinis
774 1388 929 1472 anguinei
954 1409 1088 1450 cansam
1112 1387 1222 1451 fictam
1247 1410 1322 1451 esse
1346 1411 1405 1476 per

230 1519 265 1561 se
289 1494 530 1580 intellegitu1·³)

318 1602 428 1684 Quare
458 1624 534 1666 curn
565 1602 646 1666 mira
669 1600 827 1665 Medusae
852 1600 1060 1688 pulchritudo
1090 1612 1122 1666 et
1146 1604 1246 1666 crinis
1270 1605 1405 1668 mutatio

230 1713 345 1776 seriori
380 1711 478 1775 aetati
513 1708 711 1773 ascribenda
739 1710 794 1780 sit,
821 1707 932 1773 Ovidii
956 1707 1067 1774 verbis
1091 1708 1172 1774 nihil
1195 1709 1327 1774 fabulae
1353 1733 1405 1774 re·

229 1820 373 1884 tustioris
398 1819 557 1883 contineri
573 1838 673 1904 posse
693 1817 833 1899 videtur,
858 1818 922 1881 nisi
939 1817 1027 1903 quod
1042 1817 1214 1903 Neptunus
1231 1817 1404 1883 Medusam

229 1937 326 2014 atque
361 1927 564 1991 formositate
600 1934 767 1990 carentem
801 1923 834 1988 in
870 1923 991 2011 templo
1028 1924 1196 1988 Minervae
1231 1927 1404 2009 vitiaverit.

228 2034 303 2100 Ate
315 2035 421 2121 prima
433 2032 565 2117 quidem
580 2030 712 2097 fabulae
724 2032 832 2096 forma
846 2032 1033 2117 Neptunum
1051 2043 1084 2096 et
1097 2033 1283 2117 Gorgonem
1299 2031 1407 2098 ferina

230 2164 368 2229 corpora
390 2150 488 2225 atque
511 2142 544 2205 iu
568 2149 661 2226 prato
684 2141 825 2204 miscere
849 2140 1003 2204 vidimus.
1043 2139 1108 2226 Ubi
1125 2140 1292 2205 Minervae
1317 2140 1406 2204 nulla

230 2251 360 2314 omnino
385 2250 466 2312 ratio
502 2246 651 2312 hahetur.
698 2249 877 2311 Praeterea
907 2246 1071 2333 quomodo
1099 2249 1133 2310 in
1162 2246 1320 2334 templum
1344 2248 1404 2312 Mi·

229 2378 352 2421 nervae
376 2356 452 2442 equi
477 2355 540 2419 duo
564 2357 707 2437 veniant,
732 2377 797 2419 non
820 2353 1077 2439 intellegendum
1092 2366 1152 2420 est.
1193 2356 1307 2442 ltaque
1325 2354 1404 2420 Ovi-

231 2464 347 2528 dianae
371 2462 503 2528 fabulae
532 2465 624 2548 origo
656 2485 721 2528 non
750 2464 997 2549 antiquissimis,
1029 2463 1087 2527 sed
1114 2462 1177 2527 illis
1201 2462 1404 2550 temporibus

229 2571 424 2637 ascribenda
442 2580 539 2651 esset,
566 2569 685 2657 quibus
703 2571 820 2655 Pegasi
842 2570 1033 2656 parentibus
1057 2573 1209 2634 uoniam
1234 2568 1405 2635 beluarum

228 2680 343 2762 forma,
369 2678 429 2743 sed
454 2680 585 2765 species
609 2677 752 2745 humana
774 2678 873 2742 tribui
899 2680 1008 2763 eoepit
1064 2679 1217 2742 Attamen
1242 2677 1404 2764 quomodo

122 2784 126 2793 ’
230 2797 411 2853 monstrum
435 2786 661 2867 Medusaeum,
698 2787 750 2849 cni
778 2785 929 2848 Minerva
957 2807 1088 2870 semper
1116 2785 1339 2850 adversariam
1368 2807 1405 2849 se

229 2893 375 2982 praebet,
399 2892 488 2958 nullo
511 2893 745 2980 impedimento
769 2895 802 2957 iu
826 2892 985 2979 templum
1008 2893 1178 2980 pervenit?
1206 2892 1249 2957 Et
1272 2892 1351 2979 quid
1375 2895 1405 2957 ei

228 3001 272 3066 ibi
296 3003 418 3087 negotii
442 2999 512 3065 est?
540 3002 613 3065 Nou
638 3002 725 3065 eninr
749 3000 923 3064 Medusam
946 3002 979 3064 in
1004 3000 1085 3064 aede
1108 3002 1213 3086 ipsius
1237 2999 1405 3064 Minervae

229 3113 355 3174 versari
380 3119 468 3175 certo
493 3109 648 3173 momenti
672 3107 793 3172 nullius
819 3121 916 3173 esset.
953 3107 1054 3194 Atqui
1075 3107 1239 3192 Gorgonis
1263 3129 1403 3193 poenam

228 3215 461 3282 Alexandrinis
496 3217 602 3302 poetis
637 3214 868 3280 ascribendam
896 3237 972 3279 esse
1001 3214 1153 3279 vidimus.
1200 3214 1290 3299 Ergo
1314 3223 1404 3301 patet
1509 3264 1511 3268 .

227 3325 261 3389 in
284 3327 392 3412 priore
415 3322 547 3388 fabulae
575 3323 681 3388 forma
709 3322 903 3403 Minervam,
940 3325 1062 3410 quippe
1092 3344 1176 3408 quae
1203 3321 1285 3387 nihil
1316 3332 1401 3406 agat,

228 3431 348 3498 nullius
372 3433 527 3497 momenti
551 3430 694 3495 futuram
715 3430 828 3494 fuisse.
870 3429 964 3510 Quae
989 3452 1062 3494 cum
1087 3433 1130 3494 ita
1154 3431 1228 3512 sint,
1253 3440 1403 3517 stuprum

227 3540 370 3628 Neptuni
397 3539 574 3626 intemplo
598 3538 766 3603 Minervae
791 3536 986 3603 collocatum
1013 3561 1078 3603 non
1102 3560 1161 3625 pro
1186 3559 1265 3601 vera
1293 3535 1404 3601 fabula

228 3646 425 3729 habendum,
452 3645 512 3713 scd
535 3647 640 3733 poetis
664 3644 897 3711 ascribendum
922 3667 996 3709 esse
1020 3654 1164 3732 apparet.

317 3754 372 3821 Sic
401 3764 508 3819 autem
537 3751 659 3818 fabella
688 3763 758 3818 orta
787 3776 863 3818 esse
890 3753 1036 3817 videtur:
1073 3754 1254 3837 anguineae
1290 3773 1402 3817 comae

227 3851 396 3944 Medusae,
431 3862 568 3947 virginis
593 3871 738 3926 ceterum
767 3860 1018 3947 pulcherrimae,
1055 3870 1147 3924 erant
1175 3858 1401 3946 explicandae.

225 3970 296 4034 Nec
319 3992 397 4034 vero
421 3969 580 4034 Perseum
609 3971 665 4057 qui
686 3968 853 4055 Gorgonis
877 3968 1087 4033 adversarius
1115 3969 1279 4032 nominari
1308 3965 1401 4048 solet,

317 4166 337 4233 ¹)
356 4164 566 4220 Meisterverke
585 4185 611 4236 p.
631 4164 697 4237 3263
716 4164 777 4218 388.

316 4255 336 4318 a)
356 4255 566 4325 Furtwaengler
589 4256 617 4308 in
646 4254 746 4309 Rosch.
766 4254 803 4308 M.
823 4253 853 4308 L.
873 4272 894 4307 s.
919 4272 943 4305 v.
965 4253 1091 4322 GorgoI
1117 4251 1186 4305 1709
1205 4270 1257 4320 sq.;
1293 4251 1399 4320 Brunn,

226 4343 337 4400 Grieeh.
358 4343 567 4399 Goetterideale
587 4344 678 4412 (1893)
698 4363 724 4413 p.
744 4344 778 4396 53
798 4362 852 4414 sq.;
875 4341 1042 4405 Loescheke,
1063 4342 1108 4396 die
1127 4341 1332 4410 Enthauptung
1351 4341 1402 4395 der

225 4433 342 4489 Medusa
360 4434 452 4503 (1894)
471 4452 499 4503 p.
520 4435 553 4487 12
572 4452 612 4503 sq.

315 4527 335 4595 ²³)
356 4525 462 4594 Rohde,
482 4523 593 4578 Griech.
614 4524 740 4579 Roman²
758 4542 785 4594 p.
804 4522 848 4577 98.

279 4632 574 4688 annotaveramus.
1059 4603 1064 4615 ’
1222 4611 1240 4667 3
