3334 5042
782 450 1005 514 ...50-

548 646 656 731 γλῆνας
676 644 739 708 ἄνα)
762 642 918 728 στρέψασα
936 645 1071 731 χώσεται
1093 647 1225 729 στρατῷ,

548 750 584 821 ἐξ
603 752 734 837 οὐρανοῦ
756 754 889 814 πεσοῦσα
912 752 961 812 καὶ
984 749 1104 835 θρόνων
1129 749 1199 823 Διός

550 856 649 921 ἄνακτι
671 858 781 942 πάππῳ
799 861 906 945 χρῆμα
931 854 1169 943 τιμαλφέστατσν.

403 963 495 1028 Hanc
518 965 605 1029 enim
631 962 806 1028 »Palladii«
832 965 987 1050 originem
1014 962 1111 1028 luisse
1145 964 1230 1027 inter
1267 984 1377 1027 omnes
1400 985 1473 1027 eon·

314 1068 424 1134 stabat
447 1066 525 1155 (vid.
549 1069 642 1135 infra.
668 1094 697 1154 p.
723 1067 800 1156 74);
828 1074 926 1155 atque
954 1092 1038 1137 nunc
1067 1071 1205 1154 denique
1241 1070 1370 1154 signum
1393 1068 1472 1133 illud

314 1176 526 1261 agnoscimus,
548 1177 583 1242 in
606 1186 670 1262 quo
694 1178 828 1242 mirifica
845 1177 891 1241 vis
919 1179 1024 1243 inerat
1053 1180 1218 1242 oculorum
1241 1174 1473 1241 movendorum

314 1280 398 1368 (vide
421 1306 452 1366 p.
476 1280 578 1368 43))

401 1388 483 1453 Mira
505 1388 584 1455 haec
607 1394 639 1455 et
661 1411 744 1454 nova
765 1394 840 1455 sunt
862 1391 902 1455 ad
928 1391 1102 1455 Palladium
1119 1390 1330 1455 Cassandram
1344 1389 1473 1474 fugisse,

235 1486 237 1491 ’
314 1493 555 1579 Palladiumque
573 1518 593 1562 a
608 1495 754 1582 Trojanis
770 1497 971 1583 fugientibus
987 1520 1093 1563 secum
1113 1497 1257 1563 ablatum
1274 1500 1356 1562 esse!
1393 1496 1476 1560 Mira

313 1623 390 1667 sane
412 1604 466 1668 sed
491 1624 573 1686 quae
597 1605 701 1688 capite
724 1609 876 1688 sequente
899 1605 1199 1688 comprobabuntur.

700 1801 718 1881 ἕ
742 1802 772 1864 9.
797 1798 943 1865 Novum
967 1798 1089 1864 llium.

401 1923 440 1987 Iu
475 1924 562 1988 urbis
597 1944 683 2000 arce,
718 1944 800 2006 quae
834 1923 948 2008 Trojae
972 1925 1157 1989 Homericae
1182 1922 1374 2008 Pergamum
1410 1944 1475 1988 esse

314 2030 409 2115 vulgo
434 2029 632 2107 credebatur,
659 2030 724 2113 jam
758 2036 878 2095 remota
905 2032 1097 2116 antiquitate
1123 2028 1273 2094 sacellum
1302 2030 1474 2107 Minervae,

313 2136 423 2201 Iliadis
447 2137 649 2222 cognomine,
675 2135 798 2214 stabat,
822 2138 905 2221 quod
923 2137 1049 2202 saeculo
1065 2143 1226 2202 sacratum
1252 2158 1319 2201 esse
1341 2138 1476 2220 septimo

313 2246 399 2308 recte
433 2264 503 2308 meo
528 2243 648 2326 judicio
682 2242 884 2308 Hauboldius
918 2244 1082 2308 contendit
1105 2239 1158 2329 (de
1194 2245 1286 2308 rebus
1309 2244 1475 2308 Iliensium

313 2347 399 2432 Lips.
431 2347 524 2415 1888.
557 2373 587 2434 p.
618 2351 659 2413 29
688 2347 781 2435 sqq).
827 2349 969 2414 Maxima
991 2372 1069 2415 cura
1102 2349 1258 2435 templum
1294 2351 1473 2426 colebatur3

313 2456 437 2520 etenim
459 2456 526 2539 jam
548 2478 567 2520 a
590 2455 698 2521 Xerxe
722 2456 807 2520 mille
830 2457 926 2521 boves
949 2458 994 2521 ibi
1017 2462 1173 2522 mactatas
1202 2479 1270 2522 esse
1294 2456 1476 2522 Herodotus

315 2562 427 2640 tradit3
449 2562 566 2626 similia
589 2565 699 2645 postea
719 2564 757 2626 de
774 2561 932 2641 Mindaro,
957 2563 1152 2642 Alexandm,
1172 2564 1242 2629 aliis
1258 2560 1475 2648 narrantur.²)

402 2667 532 2744 Quanta
554 2690 627 2732 vero
651 2668 806 2735 industria
828 2671 861 2734 in
884 2669 932 2734 his
952 2671 1028 2735 locis
1049 2669 1132 2736 bello
1150 2669 1291 2755 Trojano
1307 2671 1476 2735 illustratis

314 2779 492 2859 temporum
515 2776 719 2860 antiquorum
742 2777 894 2860 reliquiae
911 2778 1113 2862 conquisitae
1129 2783 1164 2841 et
1183 2778 1289 2842 cultae
1305 2779 1369 2842 sint
1384 2798 1475 2841 nemo

313 2882 453 2966 ignorat.
499 2880 761 2967 Monstrabantur
792 2883 925 2948 heroum
958 2884 999 2949 ad
1033 2885 1143 2948 urbem
1179 2881 1340 2969 quondam
1375 2886 1475 2949 inter-

313 2989 469 3053 fectorum
493 3008 592 3066 arma,
610 2989 764 3073 sepulcra,
783 2987 890 3075 alia⁸).
937 2989 975 3054 In
992 2992 1060 3074 ipso
1076 2990 1236 3055 Minervae
1252 2991 1368 3056 sacello
1385 3012 1475 3056 arma

315 3116 406 3159 sacra
428 3115 469 3159 ex
491 3093 573 3160 bello
608 3095 747 3179 Trojano
782 3104 908 3161 servata
942 3100 1220 3172 monstrabantur3
1255 3104 1354 3182 atque
1377 3098 1474 3162 etiam

315 3201 433 3266 Priami
455 3199 545 3266 Jovis
569 3202 684 3269 Hercei
708 3223 763 3268 ara
785 3203 831 3268 ibi
855 3203 1083 3269 ostendebatur
1105 3200 1248 3290 (Arriam.
1266 3205 1400 3270 Anab.I
1424 3205 1474 3281 11,

317 3307 363 3371 VI
387 3305 431 3391 9).

404 3413 524 3479 Stabat
539 3419 645 3481 autem
661 3416 693 3482 in
709 3416 769 3481 hoc
784 3416 905 3501 templo
918 3416 1002 3481 haud
1018 3418 1112 3483 dubie
1129 3418 1297 3502 antiquum
1312 3416 1477 3482 Minervae

307 3521 530 3600 simulacrum,
555 3527 651 3606 atque
664 3523 730 3606 jam
746 3525 846 3588 sentis
863 3528 984 3606 quanto
1002 3525 1119 3608 majore
1139 3546 1211 3588 cum
1226 3524 1331 3588 studio
1347 3523 1477 3588 Ilienses

316 3629 410 3711 hujus
432 3629 589 3713 originem
612 3650 632 3693 a
654 3628 751 3715 Troja
774 3630 943 3695 Homerica
965 3636 1110 3715 repetere
1133 3631 1302 3695 debebant.

402 3733 445 3798 Et
459 3756 582 3799 revera
596 3734 659 3800 hoc
673 3735 875 3800 simulacrum
890 3738 1029 3822 primum
1044 3761 1102 3823 pro
1118 3738 1175 3802 illa
1190 3738 1352 3802 Minervae
1368 3736 1475 3823 effigie

315 3841 521 3907 vendidatum
537 3862 604 3906 esse
619 3851 750 3927 apparet
766 3864 847 3926 quae
862 3844 897 3907 in
916 3842 998 3913 libro
1014 3843 1061 3909 VI
1076 3843 1186 3908 Iliadis
1201 3847 1475 3908 commemoratur.

317 3947 428 4013 Strabo
452 3948 531 4014 601:
566 3948 872 4013 introvocatae&
906 3953 957 4013 τοῦ
985 3950 1076 4014 αὐτοῦ
1102 3948 1229 4015 τίθενται
1257 3957 1309 4028 (sc.
1331 3947 1476 4036 ilienses)

389 4110 408 4174 1)
428 4105 468 4162 of.
489 4105 562 4163 ovio.
577 4106 651 4162 saar.
664 4107 701 4160 111
713 4107 748 4163 a
761 4123 802 4178 sq.
821 4107 920 4162 netu
939 4109 999 4165 aas.
1018 4109 1135 4178 rropea.
1151 4108 1186 4162 ιιι
1205 4109 1291 4176 aare,
1310 4084 1343 4163 iv
1357 4107 1417 4175 aa
1432 4108 1474 4177 α).

386 4197 408 4263 ²)
427 4194 591 4250 Testimonia
607 4213 631 4250 v.
651 4195 722 4264 apud
740 4195 873 4251 Haubold.
893 4196 909 4251 l.
929 4213 952 4251 c.
972 4213 997 4267 p.
1018 4199 1052 4251 10
1070 4213 1128 4268 sqq.

386 4284 409 4354 ³)
427 4282 591 4339 Testimonia
608 4283 718 4353 collegit
735 4283 870 4352 Haubold,
888 4301 914 4355 p.
933 4286 976 4353 47,
995 4286 1062 4343 adn.
1080 4287 1105 4343 2.
