3334 5042
848 249 891 315 10

279 458 425 532 apparet,
450 457 485 510 ut
504 447 652 531 Pegasus
678 469 696 511 e
722 445 805 511 collo
830 469 905 511 cum
929 456 1045 511 trunco
1071 469 1208 532 corpore
1233 469 1359 511 conexo
1383 470 1455 533 pro-

279 553 382 619 dierit.
442 553 546 619 Aliter
587 553 690 618 verba
730 552 908 620 scholiasta
947 555 990 618 ad
1024 554 1176 618 Nicandr.
1211 553 1363 640 Alexiph.
1393 554 1456 620 100

239 746 244 765 Ι
281 663 515 747 interpretatus
541 669 600 743 est,
626 662 681 747 qui
705 660 920 726 adversum:

424 808 557 895 Περσεὺς
581 806 677 894 αὐχένί
702 807 881 894 ἀποτμήξας
904 808 981 897 ἅρπη
1003 808 1149 894 γονόεντα
1168 807 1329 888 Μεδούσης

280 946 461 1011 adnotavit:
516 952 617 1031 ἐπειδὴ
660 950 676 1014 ό
718 951 810 1037 αὐχὴν
855 958 910 1030 τῆς
971 950 1131 1030 Μεδούσης
1186 951 1339 1038 Γοργόνος
1385 951 1456 1017 ἀπο-

283 1058 413 1146 τμηθεὶς
457 1059 597 1147 ἐγέννησε
635 1059 689 1121 τὸν
723 1058 893 1145 Χρυσάορα
914 1059 966 1121 καὶ
1000 1058 1053 1120 τὸν
1088 1046 1234 1143 Πήγασον
1278 1044 1381 1136 ἵππον)
1416 1063 1456 1135 ὡς

275 1167 431 1243 Ἡσίοδος,
468 1166 504 1230 ἐκ
531 1167 590 1253 γάρ
617 1211 756 1229 .....
782 1159 946 1245 Pegasum
971 1167 1079 1223 autem
1106 1169 1138 1223 et
1162 1159 1385 1247 Chrysaorem
1415 1185 1456 1226 ex

280 1267 363 1333 collo
398 1290 465 1332 una
500 1290 575 1332 cum
603 1269 709 1354 capite
742 1266 875 1330 absciso
904 1266 1036 1352 prodire
1066 1266 1169 1331 schol.
1194 1269 1266 1332 sine
1290 1267 1389 1333 dubio
1414 1292 1456 1333 ex

279 1377 359 1461 ipsis
394 1374 551 1440 Nicandri
585 1374 696 1438 verbis
726 1373 867 1457 collegit.
923 1374 1015 1437 Haec
1039 1383 1149 1438 tamen
1176 1375 1221 1438 ita
1249 1377 1456 1461 interpretari

281 1482 359 1547 nihil
395 1485 551 1568 cogimur.
611 1483 726 1568 Neque
763 1483 849 1546 enim
885 1481 987 1546 verba
1016 1484 1115 1574 αὐχέν’
1146 1486 1326 1573 ἀποτμήξας
1349 1486 1455 1548 active

279 1593 387 1676 posita
410 1592 515 1676 magis
547 1612 645 1676 quam
682 1590 901 1654 Germanicae
937 1587 1068 1674 linguae
1103 1588 1224 1654 locutio
1263 1588 1365 1670 „Hals
1400 1589 1455 1654 ab·

279 1696 480 1761 schneiden“
518 1697 706 1781 significant
734 1695 855 1760 collum
887 1720 952 1761 una
977 1718 1050 1761 cum
1076 1699 1183 1783 cupite
1208 1720 1227 1761 a
1250 1706 1365 1762 trunco
1390 1697 1454 1762 dis·

280 1805 403 1867 cissum
438 1824 523 1869 esse.
582 1803 783 1868 Nicandrum
819 1812 930 1869 autern
971 1805 1079 1890 ipsum
1118 1805 1159 1869 de
1193 1814 1264 1869 ortu
1293 1826 1311 1867 e
1338 1814 1455 1869 trunco

281 1933 418 1996 corpore
457 1910 543 1977 facto
583 1913 749 1997 cogitasse
784 1910 961 1976 verisimile
1002 1921 1062 1978 est.
1124 1913 1198 1977 Hoc
1236 1921 1345 1977 tamen
1382 1935 1453 1997 gra-

281 2019 452 2082 vissimum
483 2029 532 2083 est
560 2041 579 2083 e
608 2018 804 2083 scholiastae
835 2021 998 2083 sententia
1026 2019 1067 2083 ab
1092 2019 1233 2084 Hesiodi
1255 2019 1366 2084 verbis
1389 2042 1454 2084 non

279 2125 457 2191 abhorrere
488 2126 654 2211 Pegasum
684 2148 701 2190 e
732 2125 815 2191 collo
844 2148 910 2191 una
939 2149 1013 2190 cum
1044 2130 1151 2213 capite
1175 2126 1307 2192 absciso
1333 2125 1455 2192 editum

281 2255 366 2297 esse.
419 2233 490 2298 Nec
517 2256 553 2297 re
580 2256 661 2297 vera
689 2233 901 2319 Theogonine
926 2256 1043 2298 versus
1069 2244 1200 2320 cogunt,
1226 2245 1261 2298 ut
1284 2245 1390 2299 ortum
1415 2235 1454 2298 de

281 2350 396 2405 trunco
427 2339 592 2426 Gorgonis
623 2339 745 2405 factum
770 2342 943 2426 fingamus.
984 2342 1091 2407 immo
1116 2344 1211 2407 etiam
1238 2365 1312 2406 cum
1328 2342 1455 2428 Pegaso

281 2470 323 2511 ex
357 2447 489 2512 absciso
522 2448 630 2534 capite
666 2458 742 2512 nato
776 2449 986 2513 conveniunt.
1047 2449 1112 2529 Qui
1145 2448 1305 2514 nascendi
1324 2450 1455 2514 'modus

282 2557 377 2619 etiam
395 2578 414 2619 a
431 2553 531 2621 Sexto
546 2555 713 2642 Empirico
724 2556 902 2642 profertur:
925 2563 979 2626 τὸν
999 2564 1036 2625 δὲ
1053 2562 1198 2649 Πήγασον
1214 2562 1455 2650 λαιμοτομηδεί-

281 2690 335 2748 σης
363 2674 425 2755 τῆς
460 2669 613 2755 Γοργόνος
648 2669 707 2732 ἀπὸ
742 2675 798 2750 τῆς
831 2671 969 2757 κεφαλῆς
1006 2670 1141 2757 ἐκθορεῖν
1177 2664 1265 2749 (adv.
1303 2665 1455 2729 mathem.

282 2769 370 2854 264).
431 2769 524 2851 Quae
560 2770 662 2834 verba
696 2793 763 2837 non
799 2770 945 2836 fabulam
981 2771 1191 2857 singularem,
1229 2773 1291 2837 sed
1319 2771 1457 2837 Hesiodi

281 2877 581 2963 interpretationem
618 2875 792 2962 complecti
828 2877 991 2943 videntur.
1050 2877 1173 2942 Sextus
1212 2879 1298 2942 enim
1340 2878 1456 2941 eodem

282 2993 379 3070 atque
404 2983 570 3049 Hesiodus
595 2984 697 3049 verbo
722 2989 857 3077 ἐκόορεῒν
888 2987 996 3062 utitur,
1028 2995 1061 3049 et
1082 2985 1156 3071 ipsa
1180 2985 1316 3049 Hesiodi
1343 2985 1455 3049 verba:

281 3100 418 3186 saocitho
446 3097 729 3185 ἀπεδειροτόμησεν,
762 3095 874 3186 ἔκδορε
898 3092 1035 3178 (Theog.
1059 3094 1222 3177 280J281)
1246 3091 1333 3156 illam
1358 3093 1454 3156 inter·

280 3203 495 3286 pretationem
539 3199 754 3264 subiciebant.
823 3199 931 3280 Quam
977 3200 1018 3264 ab
1062 3199 1203 3264 Hesiodi
1242 3198 1351 3263 verbis
1390 3221 1456 3263 non

282 3306 422 3372 alienam
447 3330 522 3372 esse
547 3308 645 3371 etiam
662 3306 723 3370 hac
740 3307 874 3393 quidem
890 3316 995 3371 aetate
1011 3305 1270 3372 Hillehrandtius
1287 3309 1454 3393 putavitil.

282 3414 465 3479 Scholiasta
502 3425 611 3479 autem
655 3413 698 3478 ad
724 3414 826 3503 Dion.
865 3415 993 3499 Perieg.
1031 3416 1096 3480 870
1137 3424 1244 3479 utrum
1291 3424 1399 3478 ortum
1437 3436 1454 3478 e
1494 3417 1497 3423 '

282 3524 388 3608 capite
412 3544 455 3585 an
479 3544 496 3585 e
519 3530 635 3587 trunco
659 3520 783 3585 factum
806 3522 916 3585 animo
939 3521 1079 3603 finxerit,
1110 3520 1246 3585 dubium
1274 3530 1334 3584 est.
1367 3521 1458 3586 Dicit

282 3631 382 3693 enim:
407 3624 537 3715 Ἀθηνᾶ]
561 3635 698 3716 ἐποίησεν
721 3635 813 3698 αὐτὸν
838 3627 921 3713 (scil.
945 3629 1076 3720 Περσέα)
1102 3634 1263 3721 ἀποτεμεῖν
1285 3635 1339 3714 τὴν
1363 3634 1458 3716 αὐτῆς

281 3744 426 3830 κεφαλήν,
444 3743 497 3805 καὶ
512 3735 640 3822 1ἐξῆλθεν
652 3741 688 3805 ἐκ
702 3748 757 3806 τοῦ
774 3742 906 3830 αἵματος
922 3742 1015 3822 αὐτῆς
1031 3736 1198 3828 (Γοργόνος
1214 3744 1270 3801 aut
1285 3733 1457 3830 κεραλῆςῖ)

283 3849 476 3934 όΠήγαοος.

390 3968 489 4033 Aliud
514 3977 624 4032 tamen
649 3969 736 4056 quod
761 3967 939 4032 scholiasta
963 3968 1004 4033 ad
1028 3968 1119 4032 illum
1142 3969 1456 4054 Nicandrifflversum

282 4075 395 4159 attulit,
433 4085 521 4141 certe
547 4076 588 4139 ab
612 4074 760 4140 Hesiodo
785 4075 950 4143 abhorret.
990 4075 1110 4140 Verbis
1136 4079 1223 4141 enim
1247 4099 1332 4163 quae
1356 4099 1456 4163 supra

282 4183 504 4265 laudavimus,
548 4184 631 4247 haee
690 4180 823 4246 subicit:
881 4188 916 4251 ἐκ
964 4190 1024 4277 γὰρ
1082 4195 1138 4252 τοῦ
1190 4189 1321 4277 αἵματος
1372 4187 1457 4253 οὗτοι

282 4299 432 4383 ἐγένοντα
486 4289 598 4355 Verba
637 4298 672 4359 ὲκ
715 4302 771 4359 τοῦ
811 4295 942 4383 αἵματος
978 4313 1043 4355 non
1078 4299 1113 4354 ut
1157 4290 1245 4370 aliis,
1284 4300 1455 4378 poetarum

392 4540 411 4600 ¹)
433 4538 619 4594 commentat.
638 4536 823 4592 Ribbeckian.
845 4537 937 4606 (1888)
956 4556 983 4607 p.
1003 4538 1063 4591 242.
