3334 5042
773 248 985 349 A..

290 443 401 531 fugam
426 444 624 511 tribueretur
635 445 666 530 ¹).
718 445 812 528 Quae
838 446 971 532 quidem
993 445 1161 510 translatio
1179 446 1220 509 ah
1238 446 1363 511 artifice
1378 446 1466 512 facta

290 576 366 617 esse
390 552 469 617 mihi
493 553 632 619 videtur.
679 553 757 640 Ipso
783 556 870 618 enim
899 556 932 619 in
961 556 1039 618 artis
1068 562 1278 618 monumento
1311 552 1465 619 facillime

291 660 362 725 fieri
386 672 522 747 poterat,
549 664 578 726 si
601 662 745 726 Perseus
764 671 808 735 ‚et
832 659 1114 747 Bellerophontes,
1145 663 1274 747 utrique
1307 685 1381 726 cum
1407 663 1464 726 Pe·

288 791 369 853 gaso
394 770 521 851 conexi,
552 771 598 833 ita
621 769 899 855 exprimebantur,
932 778 967 832 ut
997 767 1079 832 alter
1114 768 1206 832 alteri
1238 769 1463 855 responderet.

289 875 334 940 Ut
358 877 552 948 eniminter
583 898 618 940 se
649 885 879 961 congruerent,
910 898 1051 940 necesse
1081 886 1151 940 erat
1179 879 1277 940 etiam
1304 877 1463 941 Perseum

289 982 404 1048 altiore
427 983 500 1048 loco
531 986 673 1071 positum
698 1006 783 1048 esse.
831 983 906 1064 Qua
940 983 980 1047 de
1010 1006 1112 1049 causa
1143 985 1262 1048 artifex
1294 994 1327 1048 et
1356 987 1465 1071 ipsum

287 1091 415 1175 Pegaso
440 1092 615 1156 vehentem
638 1089 762 1156 fecerit.
809 1091 859 1155 Ita
882 1092 1042 1155 Perseum
1064 1090 1155 1155 Melii
1178 1091 1264 1156 illius
1288 1090 1465 1179 anaglyphi

289 1196 521 1284 explicandum
555 1221 630 1262 esse
659 1199 975 1271 iamLewezowius
997 1199 1132 1284 voptime
1160 1197 1362 1263 intellexisse
1386 1198 1465 1263 mihi

288 1305 417 1369 videtur
453 1305 506 1393 (cf.
542 1330 573 1393 p.
611 1306 674 1392 20).
735 1306 844 1392 Atque
878 1305 1108 1370 Loeschchius
1144 1305 1276 1392 quidem
1313 1308 1463 1393 opinatus

286 1430 336 1476 est
359 1412 456 1477 ambo
491 1412 548 1477 illa
579 1422 697 1499 ectypa
721 1412 821 1477 Melia
849 1412 891 1477 ad
914 1413 1002 1477 idem
1028 1412 1196 1500 exemplar
1219 1413 1328 1477 redire
1366 1423 1463 1500 atque

285 1518 474 1607 anaglypha
497 1544 517 1585 a
540 1521 765 1607 Thrasymede
801 1522 834 1585 in
860 1520 941 1586 solio
966 1520 1159 1606 Aesculapii
1182 1520 1353 1608 Epidaurii
1376 1522 1464 1585 facta

285 1626 339 1712 (cf.
364 1652 394 1714 p.
418 1629 483 1715 20).
531 1628 628 1709 Quod
653 1631 681 1692 si
709 1631 755 1693 ita
780 1638 848 1711 est,
884 1629 1026 1693 Perseus
1055 1629 1184 1713 Pegaso
1221 1639 1336 1693 vectus
1365 1627 1464 1692 Melia

284 1746 403 1822 ectypa
425 1745 531 1800 aetate
555 1738 744 1801 antecessit.
793 1736 887 1817 Quae
916 1759 970 1800 res
1007 1738 1102 1800 etiam
1127 1759 1187 1822 per
1211 1758 1247 1800 se
1283 1734 1462 1822 probabilis

285 1851 343 1907 est.
391 1844 505 1930 Neque
530 1845 617 1908 enim
633 1865 760 1925 vereor,
786 1866 826 1908 ne
852 1846 926 1930 quis
948 1845 1117 1907 inventum
1141 1842 1221 1908 illud
1246 1843 1364 1907 artifici
1380 1828 1463 1906 'anal

284 1948 480 2036 glyphorum
505 1950 678 2016 Meliorum
701 1953 767 2037 ipsi
791 1949 945 2015 ascribat.

374 2077 485 2159 Ovidii
507 2096 615 2160 locum
642 2117 716 2160 oum
741 2107 858 2182 ectypo
889 2093 988 2158 Melio
1024 2117 1089 2158 non
1126 2094 1249 2158 directe
1286 2093 1462 2158 cohaerere

283 2201 380 2266 fecile
408 2200 665 2287 intellegeretur,
702 2204 829 2266 etiamsi
853 2202 1002 2285 Pegasus
1031 2203 1065 2264 in
1093 2200 1148 2265 illo
1173 2203 1251 2264 artis
1276 2223 1377 2287 opere
1401 2199 1461 2265 alis

282 2330 348 2373 non
372 2320 509 2375 careret.
556 2309 598 2373 Et
622 2312 650 2373 si
674 2310 833 2373 Amorum
857 2312 1080 2373 testimonium
1105 2332 1165 2395 per
1192 2331 1229 2372 se
1259 2308 1477 2391 consideres,

283 2415 424 2480 Ovidius
452 2419 524 2503 ipse
548 2417 707 2481 Perseum
730 2418 860 2501 Pegaso
890 2426 1022 2481 vectum
1051 2416 1172 2480 fecisse
1209 2415 1313 2480 videri
1347 2417 1461 2503 possit.

281 2523 440 2587 Fabulam
458 2525 542 2588 enim
557 2524 671 2588 Persei
687 2535 817 2610 praeter
830 2524 940 2611 plures
954 2523 1037 2587 alias
1051 2523 1245 2588 brevissime
1259 2524 1458 2609 perstringit,

282 2640 318 2694 ut
339 2631 502 2696 licentiam
527 2642 697 2718 poetarum
723 2631 885 2717 exemplis
906 2630 1055 2695 illustret.
1089 2630 1163 2711 Qua
1179 2632 1212 2695 in
1229 2653 1265 2694 re
1282 2652 1357 2694 eum
1373 2652 1459 2694 nova

281 2749 378 2826 atque
414 2739 558 2803 inaudita
592 2762 657 2803 non
694 2740 841 2825 proferre
878 2741 910 2802 in
951 2750 1063 2825 aperto
1100 2748 1159 2804 est.
1218 2739 1322 2803 Immo
1359 2740 1458 2801 certis

282 2846 478 2932 quibusdam
517 2846 638 2911 fabulis
674 2845 834 2933 exemplis
877 2849 923 2910 uti
962 2844 1086 2932 solet2).
1140 2845 1182 2909 Et
1221 2847 1297 2932 quia
1335 2846 1458 2909 Persea

280 2955 408 3040 Pegaso
432 2964 564 3019 vectum
586 2953 674 3032 facit,
700 2976 898 3040 quamquam
924 2963 956 3018 et
977 2952 1251 3039 Bellerophontes
1275 2953 1403 3037 Pegaso
1428 2964 1460 3015 et

280 3062 423 3126 Perseus
460 3061 588 3127 laciniis
623 3063 777 3149 plumatis
811 3064 864 3126 usi
893 3072 985 3125 erant
1019 3063 1191 3133 notissimi,
1229 3059 1378 3124 confusio
1402 3059 1459 3124 illa

282 3167 401 3233 Ovidio
425 3172 488 3257 ipsi
512 3169 610 3233 tribui
626 3172 739 3255 possit.
773 3170 927 3233 Attamen
952 3168 1054 3232 altera
1078 3192 1120 3232 ex
1136 3179 1228 3254 parte
1253 3166 1457 3231 animadver-

280 3277 415 3341 tendum
453 3287 503 3340 est
547 3276 691 3341 fabulam
730 3276 881 3341 talarium
920 3277 1034 3340 Persei
1080 3278 1255 3362 pinnarum
1302 3274 1458 3339 Ovidium

281 3385 412 3448 minime
436 3387 596 3469 ignorare.
642 3385 720 3471 Ipsa
744 3386 829 3447 enim
856 3407 874 3447 e
898 3383 1018 3447 fabulis
1044 3395 1104 3463 est,
1130 3383 1249 3469 quibus
1273 3381 1458 3445 illustrandi

281 3513 382 3554 causa
415 3493 461 3554 uti
498 3491 589 3556 solet.
638 3492 682 3556 Ut
714 3492 824 3559 Amor.
851 3491 904 3554 Ill
940 3491 970 3572 6,
1006 3490 1104 3575 13f14
1140 3499 1173 3553 et
1200 3490 1298 3554 Trist.
1335 3488 1387 3552 III
1423 3488 1453 3571 8,

279 3599 338 3683 asc
377 3596 514 3662 lacinias
553 3600 666 3663 Persei
704 3598 868 3685 plumatas
907 3598 1008 3662 affert.
1072 3598 1248 3661 Praeterea
1285 3599 1320 3661 in
1357 3618 1455 3659 versu

279 3705 486 3770 antecedenti
525 3705 647 3792 (Amor.
676 3705 729 3769 ΠΙ
759 3707 809 3789 12,
839 3707 894 3788 23)
935 3704 1123 3790 generalem
1158 3704 1199 3769 de
1234 3703 1294 3768 alis
1330 3703 1452 3789 pedum

280 3815 478 3877 mentionem
501 3813 595 3877 fecit:
625 3835 682 3879 nos
699 3794 837 3893 pedihus
855 3817 978 3896 piaaua
1000 3813 1153 3877 dedimus.
1203 3810 1327 3891 Quales
1357 3810 1454 3873 etiam

202 3957 204 3960 ⁴
278 3920 400 3984 Perseo
416 3920 513 3984 tribui
531 3920 643 3985 solitas
660 3944 736 3986 esse
754 3919 934 3984 constabat.
968 3919 1131 4000 Quaeres
1149 3919 1455 4012 contaminationem

277 4025 366 4090 illam
397 4028 613 4113 impedituras
648 4028 753 4093 fuisse
788 4029 822 4090 in
858 4037 971 4113 aperto
1008 4037 1066 4092 est.
1116 4025 1226 4106 Quare
1256 4028 1284 4089 si
1313 4023 1454 4090 Ovidius

322 4324 327 4330 .
368 4279 388 4343 ¹]
409 4276 544 4331 Aristides
568 4278 701 4331 Perseum
724 4278 754 4329 et
773 4276 1023 4344 Bellerophontem
1047 4276 1080 4327 ut
1104 4292 1152 4327 eos
1176 4274 1330 4342 componit,
1353 4273 1453 4341 quibus

277 4366 343 4421 solis
363 4367 490 4436 luppiter
508 4367 537 4419 in
557 4366 628 4419 aeris
648 4366 793 4434 regionem
816 4365 924 4417 intrare
943 4363 1116 4431 permiserit,
1144 4360 1179 4426 εἰς
1199 4364 1349 4419 Ποσειδῶνα
1368 4363 1402 4415 13
1420 4361 1454 4416 Κ.

319 4462 322 4467 '
367 4457 388 4525 ²)
408 4457 584 4525 Lueneburg‚
604 4456 646 4509 De
667 4456 766 4510 Ovidio
786 4454 829 4507 sui
848 4455 992 4507 imitatore
1007 4453 1101 4517 (leat)
1120 4472 1147 4522 p.
1164 4452 1198 4506 50
1213 4471 1268 4522 aq.;
1288 4452 1324 4506 of.
1337 4451 1451 4506 Ehwald

279 4548 357 4600 Burs.
376 4545 506 4600 Jahresb.
527 4545 618 4615 (1894)
639 4543 666 4599 Π
683 4563 711 4616 p.
732 4543 766 4597 13
787 4561 827 4612 sq.
1284 4548 1285 4551 ’
