3334 5042
758 349 792 403 57

206 531 246 587 de
275 529 373 588 causis
404 531 447 588 ad
477 523 574 605 ipsam'
602 528 736 587 fabulam
763 527 960 602 Euripideum
992 527 1198 585 revocandam
1230 544 1343 585 censeo

207 632 356 708 picturam
378 639 525 708 nostram,
546 631 603 688 nisi
626 631 712 706 quod
732 629 829 705 pictor
845 628 996 686 contraxit
1013 629 1091 687 duas
1107 645 1252 700 scaenas,
1273 646 1345 686 nam

211 750 277 790 cum
300 739 444 807 quattuor
464 749 615 808 personae
635 749 698 811 non
720 748 782 788 una
803 746 872 787 esse
890 730 920 786 in
937 746 1050 787 scaena
1065 729 1192 804 possint,
1214 746 1343 788 necesse

206 842 253 891 est
274 831 473 908 Polydectem
495 833 527 890 in
553 833 614 890 alia
642 832 820 906 tragoediae
844 839 931 907 parte
952 849 1020 889 cum
1045 830 1153 905 Dictye
1176 839 1207 887 et
1227 830 1344 901 Danae,

206 936 237 993 in
258 934 320 993 alia
342 952 410 991 cum
433 932 546 993 Perseo
569 951 670 1009 agere.

303 1034 440 1092 Vidimus
461 1035 619 1110 quomodo
638 1040 753 1109 poetae
768 1042 801 1092 ut
816 1033 983 1109 Aeschylus
999 1032 1166 1109 Sophocles
1181 1032 1345 1109 Euripides

205 1135 308 1195 Persei
336 1135 470 1195 fabulam
500 1134 756 1193 conformaverint
786 1144 817 1193 et
847 1134 1008 1193 artificibus
1038 1134 1232 1193 tractandam
1256 1152 1343 1210 prae·

206 1239 337 1309 buerint3
370 1238 431 1296 iam
453 1253 645 1312 quaeramus
679 1236 754 1311 quid
775 1236 878 1312 magni
902 1233 1031 1293 artifices
1053 1235 1110 1310 ipsi
1139 1236 1181 1292 ad
1209 1233 1344 1293 fabulam

204 1340 387 1398 tradendam
410 1346 503 1414 atque
526 1339 735 1396 exornandam
756 1337 915 1396 valuerint.

301 1440 350 1497 De
372 1439 626 1515 Thrasymede
657 1440 719 1497 iam
751 1456 843 1514 supra
875 1445 978 1496 actum
1010 1447 1071 1507 est;
1108 1448 1228 1515 praeter
1260 1440 1342 1498 illum

202 1542 347 1605 Perseum
376 1542 572 1600 caelaverunt
598 1540 785 1629 l'ythagoras
807 1540 962 1617 Rheginus
985 1533 1071 1617 (Kd)
1094 1547 1126 1596 et
1147 1539 1234 1615 Myro
1258 1540 1343 1598 cuius

202 1651 305 1701 statua
325 1643 356 1699 in
378 1660 449 1700 arce
461 1641 652 1701 Athenarum
668 1642 818 1700 collocata
833 1648 899 1698 erat
914 1636 1004 1717 (Ke).
1033 1641 1085 1698 Ad
1099 1639 1344 1717 Pythagorae

201 1744 349 1803 Perseum
375 1744 504 1803 fortasse
526 1742 686 1803 referenda
708 1751 778 1801 sunt
800 1743 903 1818 capita
925 1742 948 1800 P
971 1744 998 1811 5,
1022 1744 1050 1816 6,
1083 1759 1163 1818 quae
1186 1744 1229 1800 ad
1250 1744 1345 1802 medii

201 1847 318 1910 saeculi
337 1847 435 1923 quinti
455 1844 610 1921 exemplar
632 1846 775 1921 redeunt,
798 1844 928 1903 sormam
949 1852 1052 1902 autem
1074 1863 1092 1902 a
1114 1845 1261 1920 capitibus
1277 1845 1344 1922 My·

200 1949 301 2008 roneis
332 1948 483 2005 diversam
511 1946 670 2023 praebent.
715 1945 794 2005 Cum
818 1946 866 2003 his
897 1954 1061 2021 cognatum
1090 1963 1160 2004 esse
1187 1964 1344 2005 nummum

201 2051 376 2128 cyzicenum
398 2048 603 2124 antiquiorem
626 2046 649 2104 P
671 2050 710 2107 29
733 2048 794 2106 iam
817 2066 908 2123 supra
936 2048 1109 2108 monstravi.
1153 2048 1204 2104 Ad
1228 2048 1345 2123 Myro·

200 2169 285 2209 nem
308 2151 420 2210 referre
442 2152 542 2210 malim
565 2150 711 2210 Perseum
738 2153 858 2211 stateris
880 2150 1022 2229 Cyziceni
1050 2154 1227 2212 recentioris
1251 2152 1274 2210 P
1297 2156 1345 2223 30,

201 2254 316 2329 quippe
341 2272 412 2311 cum
442 2253 520 2311 illius
554 2254 664 2311 aetatis
692 2253 822 2328 cyziceni
854 2254 997 2330 plurimas
1030 2262 1148 2313 statuas
1179 2255 1288 2313 atticas
1314 2257 1345 2312 in

203 2354 335 2413 nummis
358 2355 419 2412 suis
442 2355 645 2431 repetiverint,
667 2357 750 2413 velut
767 2354 938 2431 Cecropem
952 2356 1175 2432 Triptolemum
1189 2357 1346 2415 Tellurem

200 2466 396 2533 tyrannorum
418 2456 659 2523 interfectores.
686 2456 797 2516 Parum
820 2467 924 2516 autem
945 2478 984 2516 ex
1010 2459 1061 2517 illo
1088 2467 1201 2516 statere
1229 2476 1342 2535 cogno-

201 2560 309 2626 scitur,
333 2562 489 2634 quomodo
510 2569 594 2619 mota
617 2562 704 2620 luerit
727 2580 808 2639 quae
831 2563 996 2639 exemplari
1014 2562 1069 2620 fuit
1087 2570 1199 2639 statua,
1221 2562 1293 2638 quia
1313 2561 1345 2619 in

200 2678 327 2719 nummo
343 2661 471 2720 Perseus
494 2664 536 2721 ad
558 2664 705 2740 sagittarii
720 2663 899 2723 Daricorum
921 2665 1093 2739 exemplum
1112 2681 1215 2738 genua
1236 2662 1340 2740 flectit,

199 2781 267 2839 quo
289 2761 322 2819 lit
343 2772 377 2820 ut
399 2772 483 2823 totus
504 2767 638 2841 corporis
661 2766 781 2823 habitus
804 2766 980 2823 immutetur
992 2762 1014 2824 1.

301 2864 438 2924 Pictores
469 2865 601 2924 fabulam
631 2875 768 2924 nostram
800 2875 950 2924 tractasse
981 2867 1093 2925 scimus
1125 2865 1260 2933 Niciam,
1293 2865 1344 2939 qui

198 2966 297 3042 pinxit
325 2966 456 3024 Danaen
483 2961 565 3044 (Aa)
595 2975 626 3025 et
648 2968 879 3025 Andromedam
902 2961 965 3044 (R),
997 2977 1029 3024 et
1052 2968 1259 3045 Artemonem,
1293 2967 1345 3041 qui

201 3056 436 3126 fecit‘Danaen
458 3068 637 3126 mirantibus
658 3085 726 3125 eam
748 3053 972 3144 praedonibus'
994 3063 1034 3146 (C
1043 3066 1083 3144 b).
1126 3067 1216 3125 Hanc
1239 3069 1346 3127 Arte·

201 3169 323 3228 monis
345 3169 495 3244 picturam
518 3187 573 3226 suo
595 3169 658 3227 iure
680 3187 851 3245 agnoscere
875 3170 930 3227 sibi
951 3169 1005 3226 visi
1028 3178 1096 3226 sunt
1118 3171 1172 3226 viri
1186 3165 1294 3228 docti2
1314 3171 1346 3227 in

202 3271 385 3345 imaginibus
408 3270 603 3346 Pompeianis
627 3270 760 3339 C3—8,
784 3288 862 3347 quae
885 3270 1016 3328 Danaen
1037 3270 1184 3330 exhibent
1205 3272 1246 3329 ad
1269 3271 1345 3329 Seri-

199 3371 254 3448 phi
280 3389 366 3430 oram
388 3373 558 3448 appulsam,
582 3386 674 3447 quam
697 3373 892 3431 circumstant
911 3373 1088 3449 piscatores.
1132 3371 1243 3430 Omnia
1265 3372 1346 3429 enirn
1424 3408 1427 3413 ‹

202 3492 283 3551 quae
313 3483 432 3532 servata
457 3484 527 3532 sunt
549 3492 614 3532 sex*
633 3476 773 3551 exempla
799 3477 841 3533 ad
869 3478 1000 3533 eandem
1027 3475 1172 3551 originem
1205 3475 1345 3550 redeunt,

201 3576 274 3633 licet
296 3577 428 3634 varietur
450 3576 610 3652 figurarum
631 3595 773 3635 numerus
794 3572 839 3655 (in
859 3575 916 3634 C8
939 3576 1048 3635 Danae
1070 3576 1136 3634 sola
1159 3584 1215 3644 est,
1240 3576 1272 3632 in
1290 3574 1346 3634 C3

201 3687 263 3737 tres
286 3679 333 3735 vel
357 3687 510 3753 quattuor,
543 3680 574 3737 in
602 3679 723 3754 reliquis
752 3687 806 3737 aut
835 3697 913 3737 unus
937 3687 990 3737 aut
1013 3680 1074 3735 duo
1099 3679 1268 3754 piscatores
1292 3678 1346 3734 ad·

202 3778 294 3854 sunt),
338 3779 472 3838 Numero
503 3797 558 3837 suo
588 3780 745 3837 declarant
773 3780 909 3855 picturae
937 3780 1004 3838 illae
1032 3798 1065 3838 se
1096 3780 1250 3837 derivatas
1274 3797 1344 3838 esse

302 4034 435 4087 1Eodem
459 4036 539 4086 modo
564 4036 690 4102 plurimas
714 4037 806 4102 figuras
831 4045 995 4087 mutaverunt
1017 4039 1141 4105 Cyziceni
1159 4039 1241 4090 veluti
1257 4041 1346 4089 Iovem

202 4124 357 4191 Apollinem
376 4125 494 4176 Silenum
514 4125 657 4175 Herculem
675 4125 800 4176 Demetra
818 4124 969 4191 Victoriam,
999 4126 1031 4178 ci.
1054 4127 1133 4177 Head
1160 4128 1221 4181 hist.
1248 4144 1345 4180 numm.

201 4230 228 4280 p.
248 4211 308 4266 452.

294 4288 313 4336 ⁴2
331 4304 370 4355 Cl.
395 4303 495 4367 Helbig
524 4302 760 4367 Untersuchungen
786 4303 852 4351 iiber
877 4304 920 4354 die
939 4300 1125 4370 [campanische
1146 4305 1346 4355 Wandmalerei

202 4408 227 4457 p.
250 4390 312 4451 1453
331 4392 471 4442 overbeck
490 4391 744 4459 Kunstmythologie
765 4392 811 4442 des
829 4394 897 4441 Zeus
918 4409 944 4458 p.
963 4391 1025 4445 412.
