3334 5042
784 411 988 478 „23-

302 610 472 672 servatum*
501 611 560 674 est.
621 608 690 686 Quo
732 609 801 675 loco
844 608 921 673 fulsi
958 609 1162 694 conjecerunt
1199 610 1341 674 homines
1379 609 1466 675 docti

304 714 478 796 genuinum
511 716 591 780 illud
614 714 793 780 Palladium
828 712 868 781 de
891 738 955 799 quo
978 717 1128 781 Arctinus
1162 717 1354 800 loquebatur
1387 717 1465 782 item

302 821 344 885 ab
368 821 477 886 Aenea
498 827 662 887 serratum
684 842 759 887 esse.
806 822 913 905 Atque
936 823 1081 907 Dionysii
1111 829 1216 888 totum
1243 825 1348 888 locum
1372 842 1465 887 accu-

302 932 373 993 rate
411 929 531 1012 legenti
564 930 703 993 dubium
742 950 810 994 esse
859 929 912 993 vix
950 936 1057 1013 potest
1095 930 1173 1013 quin
1210 929 1363 995 historico
1397 949 1465 993 rem

303 1035 349 1098 ita
372 1054 439 1099 esse
462 1057 644 1120 persuasum
665 1036 771 1101 fuerit.
817 1035 912 1115 Nam,
936 1059 1008 1102 cum
1031 1037 1200 1102 Arctinum
1222 1036 1375 1113 laudaret,
1399 1039 1465 1099 tra-

304 1140 458 1206 ditionem
496 1143 537 1206 ab
578 1148 674 1207 antea
709 1148 958 1208 commemorata
992 1142 1178 1228 (secundum
1212 1163 1309 1229 quam
1344 1141 1466 1206 Aeneas

303 1247 485 1313 Palladium
518 1248 635 1332 aufert)
671 1249 896 1315 abhorrentem
926 1250 1040 1315 afferre
1062 1250 1175 1328 noluit,
1210 1249 1359 1315 sedeam
1382 1269 1466 1313 nova

304 1355 410 1439 potius
431 1355 620 1421 auctoritate
643 1356 840 1421 confirmare.

363 1478 366 1483 ’
392 1461 513 1526 Dubito
528 1467 636 1527 tamen
661 1484 739 1526 num
762 1483 802 1528 ex
817 1463 880 1528 hoc
901 1462 1021 1546 aliquid
1045 1464 1123 1528 certi
1146 1462 1397 1528 concludendum
1414 1461 1465 1526 sit.

304 1567 438 1632 Videtur
461 1570 546 1633 enim
569 1569 739 1652 Dionysius
773 1571 842 1654 ipse
868 1570 986 1634 nescire
1009 1591 1073 1654 quo
1095 1569 1271 1635 Palladium
1295 1569 1468 1634 secundum

304 1665 472 1740 Arctinum
499 1682 660 1758 postremo
683 1677 880 1761 pervenerit3
915 1712 958 1724 ·-
993 1698 1051 1740 nec
1084 1677 1201 1741 mirum
1234 1677 1295 1742 hoc
1329 1674 1466 1760 quidem,

305 1803 377 1848 eum
401 1803 482 1866 quae
506 1783 545 1847 de
568 1783 624 1847 illo
646 1786 746 1867 poete
769 1784 858 1867 epico
878 1783 977 1847 refert
1001 1783 1134 1848 fortasse
1160 1804 1223 1849 non
1239 1783 1383 1869 pleniora
1401 1782 1469 1865 jam

304 1890 339 1954 in
373 1893 503 1954 auctore
537 1910 594 1953 suo
620 1889 743 1972 legerit.
790 1889 936 1955 Afferent
969 1912 1043 1955 sane
1078 1892 1107 1955 ei
1126 1891 1180 1973 qui
1204 1882 1384 1955 Palladium
1402 1888 1469 1972 jam

304 1997 337 2061 in
360 1996 484 2061 Arctini
507 2000 658 2081 poemate
681 1997 721 2059 ab
746 1995 853 2060 Aenea
876 2002 1036 2062 servatum
1060 2017 1126 2062 esse
1149 1998 1348 2062 contendunt
1372 1997 1477 2059 etiam·

305 2104 440 2168 alterum
476 2103 618 2188 ejusdem
644 2102 790 2186 Dionysii
824 2104 943 2169 locum:
975 2104 1008 2168 II
1032 2105 1073 2169 66
1098 2148 1117 2181 ,.
1140 2148 1148 2164 .
1171 2102 1199 2166 οἱ
1221 2101 1256 2164 δέ
1280 2103 1314 2164 τὸ
1337 2098 1472 2167 διοπετὲς

306 2206 477 2271 Παλλάδιον
499 2206 719 2294 ἀποφαίνοντες
738 2207 814 2272 εἶναι
842 2211 897 2294 (sc.
921 2210 1041 2276 Romae
1063 2212 1151 2274 inter
1173 2233 1260 2275 sacra
1276 2208 1416 2286 Vestae),
1435 2206 1469 2269 τὸ

189 2317 191 2321 ’
308 2317 377 2400 παρ’
400 2310 509 2378 Ἰλιεῦσι
542 2314 708 2400 γενόμενον,
743 2315 786 2390 ὡς
805 2316 921 2380 Αἰνείου
943 2315 1119 2400 κομίσαντος
1139 2313 1213 2378 αὐτὸ
1247 2315 1282 2379 δι’
1306 2310 1469 2399 ἐμπειρίαν,
1510 2341 1521 2374 ι

306 2417 429 2508 Ἀχαιῶν
452 2419 486 2483 δὲ
502 2422 535 2484 τὸ
547 2420 664 2509 ,caluppa
687 2421 781 2486 αὐτοῦ
797 2422 953 2507 λαβόντων
975 2422 1081 2508 κλοπῇ.
1127 2423 1225 2489 Vides
1240 2424 1323 2487 enim
1339 2422 1469 2486 eandem

290 2522 431 2593 'fabulae
454 2531 631 2595 versionem
656 2550 722 2595 esse
746 2551 827 2614 quae
855 2535 951 2596 antea
974 2529 1073 2616 (169)
1097 2532 1230 2595 Arctino
1257 2528 1467 2592 tribuebatur.

307 2671 349 2682 -
379 2636 531 2701 Attamen
562 2638 629 2721 jam
667 2659 704 2702 eo
743 2637 865 2722 aliquid
902 2637 1111 2703 dubitationis
1146 2638 1278 2701 affertur
1316 2636 1401 2720 qnod
1435 2636 1469 2699 in

307 2741 435 2808 ltaliam
457 2743 636 2808 Palladium
671 2746 712 2809 ab
747 2745 861 2811 Aenea
893 2747 1099 2829 apportatum
1133 2765 1199 2825 esse
1232 2747 1327 2827 poeta
1361 2741 1469 2825 epicus

308 2853 394 2916 certe
417 2871 482 2914 nou
499 2849 703 2915 tradiderat.
750 2851 822 2917 Huc
855 2852 976 2917 accedit
1009 2850 1097 2936 quod
1132 2850 1284 2915 Arctinus
1316 2848 1471 2915 narrabat

308 2957 433 3039 signum
475 2956 590 3022 inciae
629 2958 782 3023 mansisse
821 2959 895 3022 dum
940 2958 1014 3022 urbs
1060 2964 1243 3042 expugnata
1285 2962 1348 3034 est;
1386 2957 1470 3021 idem

308 3066 416 3129 autem
455 3062 554 3149 (quod
596 3084 635 3129 ex
673 3065 781 3130 Procli
817 3066 954 3148 epitome
988 3061 1215 3150 comperimus)
1250 3063 1393 3130 Aeneam
1431 3084 1471 3128 ex

307 3171 387 3235 urbe
409 3156 851 3254 priusquem'incenderetur
874 3172 1055 3237 discessisse
1076 3172 1233 3236 tradebat.
1285 3171 1367 3235 Tum
1390 3171 1469 3235 illud

310 3276 443 3341 fortasse
476 3299 540 3341 non
574 3279 809 3363 neglegendum
832 3284 890 3356 est,
924 3280 958 3342 in
993 3280 1079 3343 nullo
1114 3299 1187 3343 vase
1220 3278 1307 3364 picto
1331 3277 1471 3342 Aeneam

310 3382 451 3448 exhiberi
473 3384 652 3449 Palladium
674 3384 839 3449 ferentem.

398 3489 456 3555 His
493 3491 641 3575 expositis
679 3491 757 3574 qnid
792 3491 999 3575 judicandum
1035 3495 1077 3557 sit
1111 3491 1241 3557 difficile
1275 3494 1324 3555 est
1357 3489 1470 3553 dicere.

311 3595 422 3662 Liceat
444 3599 543 3683 igitur
565 3620 632 3663 rem
655 3599 689 3662 in
716 3599 819 3664 medio
843 3600 1022 3683 relinquere
1045 3601 1121 3664 dum
1144 3599 1258 3664 ceteris
1280 3595 1472 3660 testimoniis

310 3702 514 3788 perlustratis
537 3704 661 3790 aliquid
688 3705 825 3770 fortasse
848 3706 1068 3770 nanciscamur
1091 3727 1154 3789 quo
1177 3705 1332 3768 alterutra
1347 3707 1472 3766 senten·

310 3811 355 3875 tia
379 3811 611 3895 comprobetur.

399 3917 583 4004 Vtcumque
608 3941 658 3984 res
693 3940 727 3983 se
761 3919 871 3996 habet,
900 3918 964 3983 sive
998 3917 1083 4001 apud
1106 3916 1274 3982 Arctinum
1310 3917 1373 3981 duo
1408 3914 1474 4000 (vel

311 4024 418 4109 potius
433 4025 514 4089 tria:
537 4023 673 4103 Aeneae,
691 4025 897 4102 Cassandrae,
915 4021 1017 4107 εἰκών)
1033 4021 1125 4108 signa
1139 4023 1300 4089 Minervae
1315 4024 1473 4106 Trojanae
1601 4025 1604 4029 ’
1655 4086 1659 4112 ⁸

311 4137 556 4196 commemorate
588 4133 721 4197 fuerunt
756 4133 821 4196 sive
854 4152 964 4209 unum,
1000 4166 1042 4176 -
1077 4133 1206 4195 constet
1237 4132 1300 4214 jam
1341 4129 1473 4194 Arctino

313 4242 423 4324 raptus
462 4235 603 4303 fabulam
638 4238 766 4303 aliunde
804 4241 915 4302 notam
947 4236 1058 4302 fuisse:
1093 4235 1216 4314 Achivi,
1257 4245 1294 4302 ut
1328 4236 1473 4321 Dionysii
