3334 5042
657 468 875 532 ..21-

275 661 484 728 Cassandram
518 666 624 728 autem
663 663 796 728 intentis
830 664 931 729 oculis
966 664 1136 730 observant
1172 664 1347 730 nonnullae

186 769 307 853 figurae
324 791 405 853 quae
416 771 450 834 in
468 770 601 836 sinistra
616 770 745 835 tabulae
762 774 851 854 parte
869 771 1118 855 conspiciuntur.
1135 808 1177 817 —
1194 770 1352 836 Helenam·

185 876 236 941 hic
263 876 422 955 videmus,
459 898 540 960 quae
567 877 678 941 dextra
700 881 849 962 protenta
876 876 995 956 Priami
1024 878 1123 943 filiam
1157 877 1347 943 delirantem

186 982 357 1047 comitibus
373 984 437 1048 suis
461 983 612 1052 ostendit,
636 1005 770 1067 quorum
795 982 885 1063 ulter,
903 984 1024 1064 Vlixes
1050 983 1227 1069 chlamyde,
1252 983 1345 1069 pileo,

185 1089 300 1154 calceis
323 1090 467 1168 vestitus,
492 1090 623 1155 sinistra
644 1089 825 1155 Palladium
848 1095 948 1169 tenet,
973 1093 1087 1157 dextra
1101 1092 1233 1157 barbam
1249 1092 1354 1156 cerri*

184 1198 242 1282 pit.
275 1196 344 1262 Hoc
359 1199 453 1282 gestu
466 1196 630 1280 totiusque
647 1197 769 1281 figurae
793 1197 907 1262 habitu
931 1198 1051 1281 optime
1073 1199 1346 1284 exprimiturque

185 1325 257 1368 oum
281 1305 380 1368 animi
403 1302 580 1367 intentione
604 1305 700 1368 verba
722 1309 892 1386 motusque
903 1302 1099 1370 Cassandrae
1123 1307 1279 1371 observet.
1304 1330 1355 1351 -·

185 1411 272 1475 Inter
288 1410 443 1475 Helenam
468 1413 500 1473 et
527 1407 653 1473 Vlixem
678 1409 848 1476 Diomedes
872 1411 1025 1496 aspicitur
1049 1413 1164 1496 etipse
1180 1408 1346 1496 chlamyde

185 1517 360 1600 calceisque
376 1516 520 1593 vestitus,
538 1516 644 1599 capite
659 1517 761 1581 leonis
777 1518 899 1583 exuviis
915 1523 1038 1585 ornato.
1078 1517 1224 1603 Vterque
1240 1518 1345 1597 heros,

185 1630 342 1708 quantum
366 1624 494 1706 quidem
518 1623 655 1706 judicari
681 1628 796 1707 potest,
819 1626 949 1699 inermis
973 1629 1032 1689 est.
1077 1625 1177 1690 Juxta
1192 1625 1347 1690 Helenam

184 1752 275 1795 serva
291 1732 358 1814 ejus
371 1730 480 1794 Attica
503 1733 588 1794 astat
604 1728 736 1797 Aethra.
794 1730 913 1796 Omnes
937 1731 1059 1815 figurae
1082 1733 1211 1797 nomina
1225 1731 1347 1818 muccis

183 1837 303 1901 litteris
325 1837 463 1921 ascripta
485 1836 611 1901 habent.
694 1916 702 1923 Α

273 1943 448 2028 Expressus
461 1948 511 2008 est
527 1944 627 2028 igitur
639 1941 771 2008 Palladii
786 1943 914 2028 Trojani
926 1950 1047 2031 raptus.
1093 1933 1241 2030 Apparet⁴
1251 1936 1346 2029 porro

185 2054 312 2133 raptum
334 2052 400 2132 jam
422 2055 642 2135 perpetratum
666 2069 732 2112 esse
756 2051 844 2114 etin
868 2074 904 2115 eo
934 2073 1000 2116 esse
1022 2055 1060 2117 ut
1083 2053 1194 2118 heroes
1216 2053 1344 2116 abeant.

184 2155 258 2221 Non
292 2157 405 2221 dubito
444 2156 520 2241 quin
553 2155 732 2221 Palladium
763 2179 799 2220 ex
839 2179 877 2222 eo
914 2157 1034 2243 templo
1072 2159 1165 2223 modo
1201 2162 1347 2242 ereptum

184 2261 281 2327 fuerit
327 2264 412 2345 quod
456 2264 488 2326 in
529 2268 619 2348 parte
669 2264 844 2347 posteriore
883 2265 1086 2349 conspicitur.
1147 2265 1208 2330 Est
1245 2265 1346 2349 igitur

182 2370 273 2434 aedes
307 2367 469 2433 Minervae
503 2369 669 2453 Trojanae.
719 2369 840 2434 Heroes
873 2371 965 2456 signo
999 2377 1092 2455 rapto
1120 2371 1160 2437 ad
1189 2371 1346 2436 Helenam

183 2476 345 2541 redierunt
369 2483 401 2541 et
424 2498 510 2540 nunc
530 2478 626 2541 verba
640 2477 732 2541 avide
748 2478 909 2560 excipiunt
924 2499 1005 2561 quae
1022 2477 1200 2543 Cassandra
1215 2479 1345 2544 numine

182 2584 334 2648 instincta
349 2583 480 2667 profert.
518 2583 614 2648 Haud
630 2584 762 2648 dubium
778 2588 826 2648 est
843 2585 921 2669 quin
936 2586 976 2649 ab
993 2605 1030 2649 ea
1041 2585 1172 2650 minime
1186 2588 1359 2670 conspecti

182 2688 309 2755 inerint.
349 2690 399 2754 Ex
422 2691 493 2755 iace
515 2696 623 2756 autem
646 2712 742 2774 quam
765 2694 856 2756 tenet
872 2690 1028 2774 Apollinis
1050 2692 1201 2757 sacerdos
1220 2696 1347 2758 noctem

183 2799 343 2881 cesejure
366 2798 523 2882 conjicias.
1324 2817 1327 2822 ·

272 2903 391 2981 Quodsi
405 2926 490 2970 nunc
513 2905 594 2970 hanc
616 2905 728 2970 miram
754 2906 911 2991 picturam
934 2926 1006 2970 cum
1028 2907 1241 2970 monumentis
1264 2927 1348 2970 com-

183 3030 330 3093 paramus
370 3034 449 3095 quae
476 3012 582 3077 adhuc
615 3012 888 3097 perlustravimus,
928 3034 1076 3098 magnam
1103 3012 1236 3098 praebet
1261 3014 1347 3077 simi·

183 3116 349 3181 titudinem
378 3140 450 3183 cum
478 3121 630 3203 amphora
653 3120 758 3204 Apula
783 3120 843 3183 sub
877 3141 928 3188 no.
952 3117 974 3184 b
1001 3119 1168 3202 descripta.
1218 3119 1349 3184 Etenim

183 3224 321 3306 primum
347 3225 432 3290 illius
456 3249 583 3312 quoque
611 3228 774 3311 proprium
802 3231 851 3291 eet
886 3228 970 3311 quod
998 3230 1108 3310 raptus
1131 3226 1270 3290 efficitur
1292 3227 1361 3292 ad?

180 3330 312 3413 juvante
335 3331 466 3398 Helena.
513 3333 613 3399 Locus
641 3355 770 3398 scaenae
795 3333 906 3398 deinde
933 3332 999 3397 fere
1021 3333 1106 3397 idem
1129 3338 1186 3411 eet,
1215 3354 1286 3397 cnm
1312 3332 1361 3396 in‘

183 3436 346 3522 utriusque
369 3441 509 3523 picturae
532 3447 621 3523 parte
648 3441 820 3525 posteriore
833 3439 1003 3524 templum
1025 3439 1187 3504 Minervae
1209 3437 1348 3504 Poliadis

182 3546 404 3629 conspiciatur.
434 3584 478 3595 —
513 3545 595 3611 (lave
624 3553 730 3611 tamen
764 3570 803 3611 ne
830 3547 879 3611 hie
906 3545 1166 3610 similitudinibus
1194 3545 1348 3611 adductus

183 3651 377 3717 sacerdotem
400 3654 580 3737 fugientem
602 3654 774 3738 amphorae
791 3654 915 3738 Apulae
931 3653 1143 3718 Cassandram
1166 3673 1233 3718 esse
1256 3651 1357 3734 velis3·

182 3779 255 3821 nem
282 3795 326 3803 -
353 3781 393 3823 ne
428 3762 593 3845 utriusque
628 3761 749 3845 figurae
784 3761 1053 3826 dissimilitudines
1088 3780 1275 3837 enumerem,
1304 3796 1361 3817 -.

183 3868 363 3948 temporum
379 3873 540 3932 momenta
555 3868 588 3931 iu
604 3868 727 3932 duabus
742 3867 860 3932 tabulis
876 3868 964 3932 valde
988 3867 1152 3931 differunt:
1177 3866 1242 3930 illic
1264 3867 1348 3930 euim

183 3969 361 4036 Palladium
388 3976 524 4057 rapitur3
552 3974 604 4039 hic
628 3975 698 4058 jam
727 3979 818 4058 rapto
847 3975 1015 4040 discedunt
1041 3979 1193 4058 raptores.
1240 3972 1359 4037 Etiam

182 4078 268 4142 aliud
303 4078 469 4145 discrimen
505 4086 552 4145 eet
585 4082 670 4166 quod
704 4082 737 4145 in
773 4081 893 4146 vasculi
927 4081 1054 4164 pictura
1088 4080 1138 4163 (ut
1172 4082 1205 4144 in
1234 4079 1347 4152 aeteus

182 4184 409 4271 monumentis)
444 4189 573 4271 signum
607 4211 625 4252 a
653 4187 805 4253 Diomede
836 4189 972 4272 rapitur,
1006 4189 1040 4252 in
1073 4187 1200 4271 pictura
1233 4187 1345 4270 pariet.

183 4296 290 4356 antem
313 4294 354 4358 ab
372 4293 465 4359 Vlixe
481 4300 635 4380 portatur.
675 4294 765 4372 Quod
781 4301 890 4359 tamen
906 4293 1038 4359 fortasse
1060 4316 1100 4358 ex
1115 4297 1347 4358 momentorum
