3334 5042
884 369 920 423 62

327 555 452 622 portans
474 547 661 622 compositus
683 557 730 605 est
751 565 821 604 cum
836 546 925 608 Ceto.
963 546 1039 604 Tres
1055 547 1146 623 igitur
1162 547 1279 606 fabulas
1295 547 1472 605 confudisse

327 649 445 705 videtur
471 647 591 707 artifex:
627 647 772 706 Perseum
804 648 980 722 fugientem,
1017 647 1187 706 cumCeto
1210 659 1333 706 etcum
1357 647 1471 706 Bacchi

329 749 488 807 comitibus
510 758 707 825 pugnantem.

426 848 574 923 Singulari
592 852 686 908 modo
704 859 849 909 tractatur
863 848 958 908 Cetus
974 868 992 908 a
1008 851 1120 910 Perseo
1140 850 1318 908 interiectus
1340 853 1371 908 in
1385 851 1467 909 urnis

329 948 497 1021 Qua—26
519 950 549 1007 in
572 951 681 1025 quibus
704 952 776 1009 solis
798 951 929 1009 Perseus
952 961 1120 1010 monstrum
1142 952 1278 1010 debellat
1293 952 1470 1026 Gorgoneo.

329 1050 471 1110 Ceterum
493 1069 541 1108 res
565 1053 685 1128 sculpta
707 1053 848 1127 congruit
871 1070 941 1110 cum
964 1051 1066 1111 fabula
1088 1052 1262 1128 Euripidea.

802 1232 1001 1241 n—*a-—n—

426 1365 638 1441 Respicientes
667 1383 811 1441 magnam
842 1374 1106 1424 monumentorum
1141 1375 1313 1425 nostrorum
1348 1366 1470 1442 copiam

328 1466 541 1541 intellegimus,
563 1475 679 1542 quanta
702 1483 822 1543 semper
843 1468 940 1543 gratia
962 1469 1048 1542 apud
1069 1476 1187 1525 veteres
1212 1467 1346 1526 floruerit
1368 1466 1473 1524 Persei

329 1568 441 1644 fabula,
464 1586 556 1643 quam
577 1570 748 1642 neglectam
763 1586 863 1644 paene
884 1572 1016 1644 apoetis
1038 1602 1078 1611 -
1099 1587 1170 1628 nam
1186 1578 1306 1646 praeter
1319 1569 1470 1645 Euripidis

330 1670 561 1728 Andromedam
582 1670 699 1731 uullum
722 1669 785 1727 fere
808 1687 886 1746 opus
911 1671 1065 1746 poeticum
1080 1689 1148 1746 ,quo
1173 1669 1303 1729 Perseus
1335 1670 1469 1729 celebra·

330 1780 411 1829 retur
432 1788 577 1847 magnum
600 1780 740 1828 eventum
761 1771 869 1830 habuit
885 1762 927 1813 ’-
954 1773 1026 1832 inde
1052 1775 1091 1832 ab
1114 1774 1330 1849 antiquissimis
1353 1782 1474 1846 tempo·

331 1875 410 1931 ribus
434 1891 530 1949 usque
553 1875 594 1931 ad
616 1874 719 1932 infima
740 1874 929 1950 antiquitatis
958 1877 1082 1933 saecula
1108 1874 1376 1932 innumerabilibus
1409 1873 1474 1930 fere

330 1975 430 2033 modis
453 1983 658 2034 tractaverunt
680 1976 811 2033 cuiusvis
834 1977 955 2050 generis
978 1976 1115 2037 artifices.
1162 1976 1207 2033 Eo
1222 1977 1318 2049 magis
1334 1976 1474 2033 notanda

330 2085 378 2133 est
399 2085 664 2134 monumentorum
684 2077 855 2153 multitud0,
889 2096 948 2153 quo
975 2079 1121 2153 pauciora
1149 2077 1277 2150 vestigia
1305 2076 1335 2133 in
1363 2089 1471 2132 munu-

241 2254 242 2258 ,
331 2174 441 2235 mentis
464 2178 590 2235 servatis
614 2178 796 2253 reliquerunt
819 2179 895 2236 aliae
918 2179 1040 2238 fabulae
1063 2196 1182 2254 eaeque
1205 2196 1223 2236 a
1243 2177 1343 2253 poetis
1366 2177 1476 2235 iterum

332 2286 423 2354 atque
444 2279 552 2335 iterum
574 2286 732 2346 tractatae,
757 2281 837 2338 velut
861 2301 889 2338 e.
912 2300 942 2356 g.
965 2279 1061 2338 Ulixis
1084 2280 1196 2339 fabula.

431 2511 531 2589 Prope
544 2513 626 2572 diem
637 2520 819 2589 praeceptor
833 2513 906 2570 mihi
921 2514 1051 2574 maxime
1067 2521 1227 2571 veneratus
1244 2511 1282 2571 G.
1294 2509 1473 2568 Loeschcke

331 2617 443 2705 publici
469 2616 539 2673 iuris
571 2614 662 2672 saciet
687 2616 869 2688 opusculum
895 2617 980 2691 quod
1010 2617 1186 2692 inscriptum
1211 2625 1276 2673 est:
1321 2612 1378 2672 Die
1400 2612 1479 2671 Eni-

331 2719 483 2793 lruuptrmg
503 2719 555 2777 der
569 2718 705 2789 Medusa,
727 2717 775 2775 ein
795 2717 922 2790 Beitrep
943 2736 998 2777 eur
1013 2717 1182 2777 Geseleicltte
1205 2718 1257 2775 der
1276 2713 1479 2792 griechischen

331 2820 466 2880 Mulerei.
509 2817 690 2888 Festschrift
715 2835 753 2877 eu
778 2818 881 2877 Ebrea
908 2818 959 2878 cles
983 2816 1264 2891 feeafeigjuebripeu
1285 2817 1474 2877 Doctoriubi·

332 2921 443 2981 laeams
469 2937 525 2980 eoa
546 2919 692 2979 Heinrich
713 2935 770 2977 uon
791 2918 912 2977 Brenn.
958 2916 1028 2989 Quo
1051 2916 1152 2974 libello
1179 2919 1318 2975 tractavit
1339 2917 1382 2974 vir
1404 2917 1480 2975 doc·

334 3020 464 3077 tissimus
485 3027 686 3077 monumenta
711 3018 851 3076 nostrai
874 3020 977 3078 8-13
1009 3028 1102 3093 atque
1125 3028 1252 3076 conatus
1275 3026 1324 3075 est
1344 3019 1479 3093 reperire

334 3128 489 3197 auotorem
514 3120 590 3179 illius
619 3118 860 3194 compositionis
894 3120 934 3176 de
964 3137 1025 3194 qua
1053 3136 1144 3194 supra
1175 3128 1277 3177 actum
1303 3127 1350 3176 est
1371 3137 1400 3194 p.
1426 3123 1477 3180 54.

334 3219 454 3278 Tabula
475 3221 583 3280 addita
600 3222 712 3297 optime
725 3221 844 3278 editum
860 3229 908 3278 est
924 3219 1124 3296 fragmentum
1142 3221 1219 3278 vasis
1236 3220 1401 3277 Bonnense
1417 3219 1431 3276 1
1447 3221 1478 3279 8.
