3334 5042
213 507 302 578 bisin,
324 525 418 566 manu
440 524 463 568 s.
485 505 635 565 Medusae
667 512 767 581 caput,
798 505 886 563 cuius
920 504 1013 564 rictus
1044 524 1174 581 magnus
1203 515 1252 564 est
1277 502 1359 565 oculi

215 610 309 669 clausi
332 618 411 684 sunt,
434 615 560 686 portans
582 607 714 666 discedit
735 626 754 665 a
776 606 925 667 Minerva.

311 712 361 771 to.
385 708 521 786 Scyphus
543 704 681 769 Nolanus
703 725 779 768 mue.
805 707 1003 783 Luporeusis,
1027 709 1076 767 ed.
1095 706 1174 785 Jahn
1197 707 1301 769 Philol.
1319 711 1357 768 21

212 813 312 873 tabl
338 815 364 872 l.

309 914 478 973 Mercurius
499 921 530 972 et
549 913 676 972 Perseus
699 912 777 971 falce
799 920 831 970 et
855 912 940 971 cibisi
961 911 1087 987 insignis
1110 914 1150 970 ad
1171 931 1195 969 s.
1219 921 1357 986 currunt3

211 1018 287 1075 inter
308 1024 469 1092 utrumque
490 1014 654 1092 Neptunus
677 1022 739 1075 stat
761 1008 786 1093 )(
812 1012 935 1073 Pictura
956 1013 984 1072 N
1007 1014 1035 1075 5.

311 1120 362 1178 21.
393 1115 561 1176 Vasculum
595 1115 747 1176 Nolanum
781 1115 883 1192 figuris
916 1116 1070 1191 impressis
1103 1125 1244 1178 ornatum
1279 1135 1357 1179 mus.

216 1218 299 1297 Brit,
319 1220 370 1282 ed.
393 1218 476 1279 Mon.
500 1218 577 1279 Bull.
598 1219 679 1279 Ann.
704 1219 784 1279 1855
805 1218 869 1280 tab.
894 1220 922 1278 2.

217 1350 220 1354 1
310 1321 399 1378 quta
424 1321 597 1378 columnam
618 1318 747 1396 sphinge
780 1327 961 1378 coronatam
983 1318 1115 1378 Medusa
1142 1320 1223 1379 alata
1256 1322 1357 1397 capite

48 1424 53 1433 “
131 1438 135 1447 “
212 1425 331 1500 privata
353 1421 505 1492 concidit3
537 1423 566 1480 d.
589 1418 741 1495 Chrysaor
769 1421 871 1478 nudus
894 1418 975 1478 humi
997 1421 1101 1490 sedet3
1134 1438 1225 1498 supra
1246 1421 1357 1482 Medu.

214 1542 279 1584 sam
301 1523 439 1601 Pegasus
475 1523 566 1583 volat.
610 1523 664 1583 Ad
695 1540 721 1581 s.
750 1523 833 1580 duae
862 1520 1028 1597 Gorgones
1058 1523 1205 1599 pulchrae
1241 1525 1357 1584 dextris

215 1626 355 1685 manibus
376 1625 512 1701 singulos
536 1632 695 1701 serpentes
717 1631 860 1683 tenentes
883 1633 1012 1685 currunt.
1050 1626 1132 1685 Ante
1154 1644 1207 1684 eas
1228 1625 1358 1686 Perseus

213 1728 333 1804 etipse
361 1729 402 1786 ad
431 1744 454 1785 s.
478 1727 555 1802 fugit
584 1744 654 1785 cnm
687 1725 766 1784 falce
795 1734 828 1783 et
848 1725 948 1802 cibisi3
982 1734 1054 1784 ante
1087 1725 1169 1786 hunc
1190 1727 1358 1787 Mercurius

212 1827 315 1891 currit.
361 1827 390 1889 S.
414 1827 553 1885 Minerva
576 1834 646 1889 stat.

310 1931 359 1990 22.
383 1930 538 2006 Amphora
557 1928 681 1989 Plistiae
702 1936 825 2005 reperta
847 1947 923 1990 mus.
941 1928 1070 2006 Neapol.
1092 1948 1121 1990 n.
1139 1929 1282 1999 1767Η.,
1304 1932 1355 1992 ed.

213 2031 292 2090 Mus.
314 2031 404 2094 Borb.
426 2031 498 2090 XIII
520 2034 569 2093 59.

313 2130 446 2192 Medusa
470 2135 570 2209 capite
592 2135 709 2211 privata
733 2134 816 2192 cuius
838 2152 856 2192 e
877 2134 956 2192 collo
968 2133 1078 2209 Pegasi
1091 2134 1162 2192 alati
1177 2143 1272 2210 caput
1285 2153 1356 2210 pro·

209 2235 306 2293 minet
329 2236 360 2294 in
382 2253 457 2293 saxo
480 2237 570 2294 sedet
592 2239 670 2294 inter
690 2234 949 2312 duas'Gorgones
972 2244 1138 2306 currentes,
1160 2253 1241 2312 quae
1260 2238 1355 2297 mani-

208 2337 266 2394 bus
292 2336 428 2413 singulos
451 2346 609 2414 serpentes
632 2345 763 2414 portant.
793 2337 923 2396 Perseus
947 2337 1023 2413 fugit
1045 2356 1113 2396 cum
1134 2337 1229 2413 harpe
1245 2338 1354 2399 etMe·

211 2438 308 2498 dusae
330 2439 440 2515 capite.
484 2438 513 2496 S.
537 2438 662 2515 Satyrus
683 2440 838 2500 barbatus.

309 2542 356 2603 23.
379 2541 536 2618 Amphora
566 2541 716 2620 Capuana
744 2560 821 2603 mus.
844 2541 943 2604 Berol.
967 2560 996 2601 n.
1020 2544 1113 2611 3022,
1135 2542 1186 2602 ed.
1208 2541 1249 2602 M.
1272 2543 1303 2603 d.
1326 2543 1354 2603 I.

207 2642 279 2702 VIII
300 2645 363 2703 tab.
386 2646 436 2719 34,
461 2647 488 2703 1.

305 2745 367 2804 Sub
390 2747 497 2804 arbore
521 2745 667 2805 fructibus
691 2745 779 2804 lnlvis
801 2754 914 2806 onusta
937 2753 998 2804 tres
1021 2744 1184 2822 Gorgones
1205 2746 1352 2820 pulchrae

206 2847 369 2908 dormiunt.
414 2847 442 2907 S.
466 2846 599 2906 Medusa
621 2846 720 2923 capite
747 2847 866 2923 privata
887 2847 987 2922 sedet,
1016 2846 1066 2904 cui
1098 2863 1163 2905 as.
1188 2847 1353 2922 appropin-

205 2955 281 3024 quat
303 2947 430 3007 Perseus
453 2949 483 3007 d.
508 2948 618 3007 falcem
640 2966 662 3004 s
686 2955 779 3023 caput
800 2946 931 3006 recisum
953 2955 1088 3023 portans.

307 3046 402 3120 Quod
424 3056 568 3124 quattuor
586 3048 633 3106 hic
656 3049 770 3106 adsunt
792 3047 957 3123 Gorgones
980 3049 1127 3126 quodque
1142 3048 1272 3107 Perseus
1285 3065 1349 3107 non
1377 3074 1380 3078 ·

206 3149 341 3209 discedit·
360 3169 379 3208 a
399 3149 531 3208 Medusa
555 3151 611 3208 sed
633 3152 673 3207 ad
694 3167 764 3208 eam
779 3150 912 3228 accedit,
936 3169 1001 3209 non
1014 3157 1118 3227 potest
1132 3149 1276 3228 explicari
1290 3149 1349 3207 nisi
1377 3155 1382 3164 “

205 3251 327 3310 duabus
349 3252 468 3310 scaenis
492 3271 511 3309 a
525 3251 641 3329 pictore
662 3252 766 3309 italico
792 3252 936 3323 confusis,
959 3270 1088 3328 quarum
1105 3253 1201 3312 altera
1215 3250 1347 3310 Perseus

206 3351 359 3411 Medusae
381 3353 544 3410 dormienti
567 3354 719 3428 obrepens
741 3351 792 3428 (cf.
808 3352 840 3410 H
854 3347 888 3431 6)
910 3355 1006 3413 altera
1022 3356 1093 3431 post
1108 3354 1239 3412 caedem
1255 3353 1352 3413 disee·

201 3454 277 3513 dens
298 3454 398 3530 plotus
421 3463 493 3515 erat.

305 3558 354 3616 24.
376 3555 535 3632 Amphora
557 3564 679 3614 etrusca
702 3574 779 3617 mus.
802 3555 923 3620 Monac.
936 3576 966 3617 n.
984 3558 1056 3625 910,
1079 3557 1128 3616 ed.
1152 3555 1291 3618 Gerhard
1312 3559 1351 3619 A.

203 3657 420 3735 MQQA

303 3758 501 3819 EMedusae
535 3761 615 3818 collo
640 3760 773 3838 Pegasus
804 3762 902 3821 alatus
933 3770 965 3820 et
987 3760 1138 3839 Chrysaor
1159 3763 1261 3820 nudus
1290 3779 1352 3819 una

204 3864 374 3938 prodeunt3
399 3861 505 3938 Gorgo
524 3862 627 3920 tunica
650 3862 742 3939 longa
764 3864 875 3921 vestita
897 3865 1038 3924 manibus
1060 3873 1218 3943 serpentes
1240 3873 1350 3923 tenens

204 3959 290 4019 ads.
314 3961 418 4020 currit.
461 3963 498 4021 In
527 3964 624 4021 altera
653 3965 734 4023 vasis
762 3974 850 4041 parte
872 3963 1002 4025 Perseus
1026 3986 1097 4027 cum
1119 3968 1215 4046 cibisi‚
1249 3984 1351 4045 equa

205 4060 356 4121 Medusae
378 4073 470 4139 caput
491 4064 651 4140 prominet,
674 4065 750 4125 falce
772 4067 912 4125 caduceo
935 4068 977 4125 ad
999 4086 1023 4126 s.
1045 4070 1191 4145 graditur,
1214 4068 1351 4145 sequitur

202 4162 307 4222 mulier
330 4165 369 4222 ab
391 4149 514 4223 homine
537 4167 655 4226 recenti
677 4168 827 4228 restituta.
1196 4186 1199 4192 ·

302 4266 351 4325 25.
376 4264 502 4325 Cratera
524 4267 644 4327 Nolana
666 4270 864 4344 neglegenter
891 4270 985 4347 picta,
1009 4273 1061 4331 ed.
1085 4268 1226 4333 Gerhard
1248 4271 1287 4333 A.
1310 4271 1347 4333 V.

204 4368 254 4437 89,
282 4368 308 4436 1,
331 4369 360 4425 2.
