3334 5042
790 455 1010 521 „48-

320 649 459 716 Lesohae
497 652 638 716 narratio
672 651 719 714 ita
757 653 883 716 restitui
920 657 1042 736 potest:
1081 651 1123 717 ab
1150 651 1243 716 Vlixe
1281 653 1336 736 qui
1371 653 1481 717 urbem

319 758 504 843 cognoverit
544 754 742 842 (Palladium
781 759 866 823 enim
910 760 1006 843 paulo
1051 763 1124 843 post
1167 759 1367 824 notissimam
1413 761 1481 843 ejus

320 860 470 950 πτωχείαν
495 862 583 930 furto
609 864 753 929 ablutum
780 885 848 929 esse
875 886 892 929 e
920 864 1024 930 Procli
1055 865 1160 930 verbis
1190 861 1367 950 discimus),
1405 862 1482 929 Dio·

319 972 424 1036 medes
452 990 558 1054 >usqne
592 969 634 1036 ad
667 971 749 1035 arcis
782 970 938 1055 templum
972 993 1029 1055 per
1061 971 1309 1037 innumerabilia
1342 960 1483 1056 pericula

319 1078 434 1143 ductus
459 1082 516 1143 est.
562 1076 657 1142 Vlixe
687 1083 797 1143 tamen
821 1078 933 1161 aliqua
955 1099 990 1144 re
1005 1083 1133 1144 retento
1167 1078 1323 1160 Tydidam
1344 1079 1482 1161 priorem

319 1184 351 1248 in
385 1184 541 1267 templum
574 1183 682 1249 nescio
720 1206 784 1268 quo
818 1184 913 1250 modo
936 1190 1115 1268 penetrasse
1137 1185 1400 1249 verisimillimum
1422 1189 1481 1262 est,

320 1311 392 1355 cnm
414 1288 454 1354 ab
479 1311 515 1354 eo
538 1290 667 1374 signum
689 1290 851 1356 sublatum
874 1311 940 1355 esse
967 1296 1100 1356 constet.
1146 1288 1259 1356 Vlixes
1282 1291 1396 1356 deinde
1426 1292 1482 1375 qui

318 1396 465 1461 comitem
487 1417 580 1461 suum
604 1416 713 1461 omnes
740 1396 787 1461 rei
810 1400 920 1481 gestae
941 1395 1053 1461 laudes
1087 1397 1149 1462 sibi
1170 1418 1283 1481 parare
1305 1398 1399 1475 videt,
1434 1398 1482 1461 ira

319 1503 451 1567 effertur
484 1524 557 1567 cum
579 1502 699 1567 sentiat
726 1503 805 1586 quid
828 1504 862 1567 in
886 1504 979 1585 signo
1007 1503 1158 1586 rapiendo
1185 1504 1252 1588 ipse
1274 1504 1481 1587 praestiterit.

235 1614 237 1619 ’
319 1606 530 1675 Contentione
562 1609 636 1673 inde
669 1609 753 1674 inter
780 1609 894 1675 heroes
921 1612 994 1673 orta
1015 1608 1157 1693 gladium
1179 1609 1285 1675 subito
1313 1609 1484 1694 destringit
1517 1686 1521 1693 ι

318 1713 440 1794 Vlixes,
464 1721 525 1780 etc.

406 2032 552 2098 Vidimus
574 2032 658 2099 haud
682 2054 783 2117 pauca
806 2037 969 2098 momenta
991 2035 1167 2099 recentiora
1195 2055 1267 2100 cum
1294 2036 1483 2121 antiquiori·

317 2141 377 2205 bus
410 2140 493 2225 apud
528 2126 690 2206 Cononem
723 2140 938 2206 contaminata
976 2160 1054 2206 esse.
1116 2140 1192 2205 Fuit
1230 2141 1329 2225 igitur
1366 2142 1483 2207 veteris

316 2252 428 2332 poetae
462 2246 544 2331 epici
575 2247 717 2311 narratio
747 2251 852 2312 aetate
889 2248 1065 2331 posteriore
1100 2252 1275 2314 retractata
1309 2252 1483 2333 antequam

315 2354 356 2418 ad
378 2354 653 2440 mythographum
675 2355 831 2439 pervenit.
859 2352 1004 2419 Fortasse
1019 2354 1112 2420 nobis
1128 2356 1294 2439 continget
1308 2358 1346 2418 ut
1360 2353 1483 2438 aliquid

316 2462 458 2527 certioris
481 2461 523 2526 de
543 2467 670 2527 auctore
694 2481 757 2545 quo
774 2458 885 2525 Conon
900 2480 978 2525 usus
994 2465 1042 2526 est
1065 2481 1221 2525 eruamus.

405 2568 511 2653 Atque
537 2568 675 2651 primum
699 2565 828 2651 quidem
852 2568 1013 2632 neminem
1034 2564 1127 2651 fuget
1153 2567 1238 2632 hanc
1265 2569 1483 2634 narrationem

297 2674 502 2759 diligentius
528 2676 747 2759 perlegentem
780 2695 878 2758 quam
902 2678 1052 2739 accurate
1086 2675 1186 2738 etiam
1216 2673 1394 2739 minutulas
1431 2696 1482 2741 res

315 2781 532 2867 depingantur
570 2785 604 2846 et
640 2801 736 2865 quam
774 2787 843 2847 erte
876 2782 962 2846 inter
996 2803 1029 2846 se
1060 2780 1233 2865 conjuncta
1265 2780 1330 2846 sint
1363 2783 1481 2847 omnia.

317 2887 366 2952 Ex
412 2908 477 2971 qna
509 2908 544 2952 re
588 2908 661 2953 meo
691 2886 811 2971 judicio
853 2888 957 2953 elucet
990 2886 1151 2952 Cononem
1185 2889 1310 2971 poetica
1344 2889 1483 2973 quadam

315 2994 501 3060 narratione
523 3015 617 3059 usum
641 3014 718 3073 esse,
742 3000 906 3079 -atque
925 2995 994 3080 jam
1018 2994 1102 3059 vides
1125 3015 1220 3078 quam
1245 2995 1310 3060 veri
1330 2995 1482 3059 dissimile

315 3101 358 3165 sit
392 3120 525 3185 parvam
553 3099 685 3165 Iliadem
724 3101 961 3186 mythographo
988 3121 1068 3167 saec.
1115 3100 1142 3164 Ι.
1171 3106 1237 3165 tam
1265 3102 1347 3167 bene
1373 3108 1481 3167 notam

315 3206 426 3272 fuisse.

404 3313 549 3378 Eundem
583 3334 657 3379 vero
693 3318 857 3379 auctorem
886 3313 999 3379 habuit
1025 3315 1094 3379 sine
1128 3313 1226 3378 dubie
1255 3315 1352 3379 etiam
1384 3312 1481 3393 Quiu-

274 3461 278 3468 >
315 3430 363 3484 toa
386 3418 572 3505 Smyrnaeus
594 3417 639 3505 (X
661 3419 726 3484 343
751 3418 853 3506 sqq.):
878 3417 914 3481 αἵ
931 3420 990 3505 (sc.
1012 3418 1143 3501 Parcae)
1167 3417 1318 3504 δ’δοὶριζον
1337 3419 1342 3504 Ι
1362 3418 1481 3483 ὁππόσα

315 3522 423 3607 λοίχιος
442 3523 523 3588 Aion
540 3525 607 3610 περὶ
630 3525 735 3610 φρεσὶν
758 3523 935 3613 οὔλομένρσι
956 3524 1099 3613 Ιμήδετο,
1133 3522 1311 3609 Τυνδαρίδος
1337 3526 1482 3610 στυχερδν

315 3631 408 3716 χάμον
417 3630 580 3695 ἐντύνουσα
599 3630 605 3717 Ι
626 3630 781 3718 Δηιφόβῳ,
791 3632 841 3695 καὶ
845 3637 932 3720 μῆνιν
943 3631 1067 3719 ἀνιηρὴν
1075 3629 1208 3706 Ἑλένοιο,
1229 3631 1234 3716 Ι
1254 3629 1483 3718 καὶχόλονάμρὶ

316 3736 458 3818 χυναικός,
481 3736 566 3807 ὅπως
579 3735 612 3800 τέ
620 3760 672 3821 μιν
684 3737 745 3812 υἷες
762 3732 884 3825 Ἀχαιῶν
905 3737 908 3825 Ι
929 3737 1056 3825 ἤμελλον
1074 3739 1253 3823 μάρμαντες
1273 3735 1305 3799 ἐν
1328 3736 1482 3823 ὑψηλοῖσιν

315 3840 418 3930 ὄρεσσι
437 3841 441 3929 Ι
456 3843 616 3931 χωόμενον
643 3844 774 3929 Τρώεσσι
796 3841 876 3912 θοὰς
890 3841 937 3906 ἐπὶ
961 3847 1034 3930 νῆας
1047 3843 1184 3925 ἄγεσθαι,
1204 3843 1209 3926 Ι
1230 3842 1275 3910 ὥς
1295 3865 1328 3906 τε
1351 3842 1379 3904 οἱ
1401 3841 1480 3929 ἐννη-

315 3947 393 4037 otyor
414 3952 559 4036 κραταιοῦ
579 3948 688 4018 Τυδέος
708 3950 779 4028 υἱὸς,
800 3950 805 4034 Ι
826 3948 990 4033 ἑσπομένοιο
1012 3947 1159 4037 Ὀδυσῆος,
1184 3947 1260 4034 ὑπὲρ
1279 3947 1360 4032 μέγα
1385 3950 1484 4035 τεῖχος

315 4055 447 4141 ὀρούσας
463 4054 469 4145 Ι
486 4054 652 4142 Ἀλκαθόῳ
674 4055 834 4119 στονυέντα
855 4055 963 4141 ,φέρειν
1002 4053 1128 4143 ἤμελλον
1165 4052 1295 4140 δλεδρον
1315 4053 1321 4140 Ι
1342 4054 1484 4139 ἁρπάξας

315 4159 481 4227 ἐδέλουσαν
497 4160 633 4247 ἐύφρονα
655 4161 866 4247 Τριτογένειαν,
886 4160 892 4246 Ι
911 4160 958 4248 ἦτ’
986 4159 1083 4247 ἔρυυα
1113 4159 1230 4229 πτόλιός
1252 4160 1356 4224 τεκαὶ
1378 4160 1480 4222 αὐτῶν

314 4263 420 4331 ἔπλετο
449 4267 590 4353 Τρώιον·
632 4286 634 4291 ·

1646 4266 1654 4319 l
