3334 5042
674 464 878 535 ..33-

195 656 287 728 δόξαν
315 656 447 742 ἐμποιῶν
471 660 517 733 ῶς
539 658 616 745 ὑπὲρ
646 662 697 722 τοῦ
724 659 865 747 ἀληθινοῦ
895 659 1122 746 προκινδυνεύοι.
1167 657 1293 722 Πολλῶν
1316 659 1352 723 δὲ

197 768 385 850 τραυματιῶν
407 766 574 851 γενομένων
600 766 627 830 oi
644 765 702 850 μὲν
725 767 803 852 ἀμφὶ
827 765 1018 853 Δημοφῶντα
1041 765 1174 842 draiton,
1206 763 1351 852 Ἀγαμέμ-

196 893 254 933 νων
282 870 318 933 ὃὲ
344 872 377 934 τὸ
401 870 680 960 παραπεποιημένον
700 871 870 938 Παλλάδιον
894 872 999 936 λαθὼν
1021 871 1222 960 ἐξαπατηθεὶς
1241 868 1351 961 ᾤχετο.

194 978 238 1042 Et
259 978 482 1064 Agamemnon
510 982 610 1066 igitur
639 987 670 1045 et
694 968 863 1046 Diomedes
891 985 999 1065 partes
1026 980 1060 1045 in
1087 981 1146 1045 hac
1168 981 1353 1046 narratione

194 1086 379 1171 suscipiunt.
415 1086 459 1149 Vt
480 1086 550 1150 aliis
567 1088 643 1151 locis
666 1089 714 1151 ita
736 1088 787 1152 hie
810 1109 937 1172 quoquc
953 1088 1068 1152 acriter
1078 1088 1161 1151 inter
1174 1088 1310 1172 Argivos
1321 1094 1353 1153 et

194 1190 405 1256 Athenienses
438 1193 477 1256 de
510 1192 652 1257 Palladio
688 1193 873 1258 dimicatum
908 1214 974 1258 esse
1008 1194 1159 1270 traditum
1194 1193 1247 1258 sed
1282 1214 1354 1257 cnm

194 1300 290 1362 ceteri
323 1304 453 1362 narrent
487 1299 622 1384 Argivos
645 1301 774 1364 omnino
801 1299 970 1364 simulacro
1004 1300 1157 1384 spoliatos
1191 1321 1266 1376 esse,
1301 1299 1354 1364 hic

194 1402 416 1486 Agamemnon
450 1404 532 1468 falso
560 1407 698 1488 quodam
731 1407 821 1491 signo
859 1406 981 1490 potitur
1020 1405 1105 1488 quod
1138 1405 1224 1470 hand
1259 1402 1354 1469 dubie

194 1514 305 1594 postea
328 1509 438 1595 Argos-
455 1532 563 1576 secum
586 1512 696 1576 tulisse
712 1534 755 1577 ac
776 1512 822 1576 ibi
846 1511 1078 1576 consecravisse
1101 1511 1276 1576 dicebatur.

281 1614 374 1682 Alter
404 1617 497 1682 testis
523 1621 570 1681 est
592 1617 698 1696 Hiero,
727 1623 856 1701 paterae
891 1638 986 1700 quam
1008 1639 1102 1701 snpra
1130 1616 1354 1701 descripsimus

194 1723 307 1805 pictor.
364 1704 507 1807 Apparet
545 1725 630 1787 enim
667 1725 752 1788 hanc
785 1725 945 1809 picturam
988 1723 1028 1788 ad
1067 1722 1190 1788 nnllam
1227 1724 1354 1788 fabulae

110 1822 112 1826 ⁴
195 1830 370 1894 versionem
416 1851 482 1895 esse
531 1830 731 1894 referendam
780 1851 877 1916 quam
932 1828 1102 1893 memoriae
1153 1829 1355 1894 tradiderunt

195 1920 390 2019 scriptores
420 1934 566 2001 (lonabor
592 1936 690 2019 igitur
718 1937 785 2021 ejus
810 1942 1033 2022 argumentum
1057 1936 1229 2000 restituere·
1244 1936 1355 2001 ceteris

195 2041 295 2109 fretus
336 2041 452 2108 fabulis
494 2042 744 2108 Atheniensibus
786 2064 884 2128 supra
927 2043 1093 2119 enarratis3
1141 2052 1175 2106 ut
1216 2042 1354 2128 primum

195 2147 294 2213 fateor
317 2172 381 2214 non
405 2170 533 2234 prorsus
557 2154 650 2228 certa,
679 2149 734 2226 sed
762 2151 941 2234 probabilia
963 2155 1090 2213 tantum
1113 2148 1164 2213 hic
1186 2170 1244 2233 pro
1267 2149 1353 2213 ferri.

198 2253 241 2318 Vt
278 2257 380 2340 apud,
402 2257 610 2341 Polyaenum,
653 2257 697 2320 sic
738 2257 772 2320 in
816 2256 877 2320 hac
919 2261 1035 2340 patera
1076 2277 1127 2320 res
1168 2257 1201 2319 in
1244 2257 1354 2320 eastris

196 2363 388 2428 Graecorum
412 2363 451 2426 ad
468 2363 596 2447 Trojam
611 2364 720 2446 positis
743 2369 885 2446 aguntur
910 2369 1008 2447 atque
1023 2362 1086 2427 duo
1109 2366 1184 2426 sunt
1200 2360 1353 2430 Palladia.

195 2469 243 2534 Ex
266 2471 326 2536 hac
349 2470 553 2534 similitudine
576 2468 707 2535 fortasse
736 2471 891 2553 conjicere
914 2469 989 2533 licet
1014 2469 1049 2533 in
1084 2466 1205 2533 vasculi
1228 2489 1354 2552 quoque

194 2578 318 2661 pictura
329 2576 466 2640 alterum
483 2598 592 2640 verum
609 2597 646 2640 ac
663 2577 837 2659 genuinum
849 2596 925 2653 csse,
943 2577 1082 2639 alterum
1095 2573 1223 2639 falsum.
1252 2573 1354 2639 Maxi-

195 2705 281 2747 mum
303 2703 377 2746 sane
397 2683 564 2748 discrimen
592 2688 638 2747 est
660 2682 714 2746 hic
741 2688 912 2766 utrumque
939 2682 1065 2766 signum
1089 2681 1188 2765 Troja
1210 2688 1354 2765 ereptum

194 2787 303 2865 fnisse,
325 2794 464 2854 attamen
486 2810 582 2872 quam
596 2790 786 2873 protulimus
810 2790 993 2873 conjectura
1016 2789 1112 2852 etiam
1135 2789 1236 2853 altero
1259 2809 1353 2871 argn-

193 2899 300 2958 mento
340 2895 571 2979 comprobatur.
646 2894 912 2960 Animadvertisti
960 2897 1043 2961 enim
1084 2917 1184 2959 unum
1226 2895 1354 2980 quidem
1389 2882 1393 2888 ⁵

193 3003 334 3066 omnium
356 3001 565 3066 traditionum
588 3001 832 3067 Atheniensium
860 3023 941 3085 quae
963 3008 1102 3067 ceterum
1124 3003 1353 3067 diversissimae

193 3114 267 3172 sunt
303 3110 467 3193 proprium
505 3130 587 3174 esse:
633 3102 773 3196 Argivos
809 3107 971 3172 Minervae
1008 3109 1099 3193 signo
1127 3109 1269 3191 spoliari,
1309 3109 1355 3172 ita

193 3220 229 3279 nt
252 3215 296 3280 eis
319 3222 375 3280 aut
397 3215 491 3299 plane
518 3217 598 3280 nihil
635 3223 692 3281 aut
725 3214 806 3279 falsa
839 3219 968 3278 tantum
1004 3216 1110 3297 imago
1140 3214 1352 3298 relinquatur,

192 3322 363 3405 genuinum
393 3327 499 3385 antem
527 3322 732 3386 simulacrum
759 3320 903 3386 Athenas
932 3322 1123 3405 deportetur.
1148 3357 1190 3367 -
1214 3318 1305 3396 Quod
1326 3321 1354 3384 si

191 3433 276 3493 recte
300 3449 334 3493 se
357 3427 464 3505 habet,
499 3429 634 3493 libenter
662 3430 788 3495 credam
812 3429 985 3511 genuinum
1020 3427 1201 3491 Palladium
1234 3429 1267 3490 in
1295 3427 1355 3493 hoc

192 3534 320 3600 vasculo
354 3536 394 3599 ab
434 3534 525 3597 Vlixe
563 3536 684 3617 portari
725 3534 859 3619 (respice
899 3536 996 3599 etiam
1031 3555 1111 3617 quae
1156 3535 1190 3597 in
1227 3535 1354 3599 vasculo

193 3640 379 3725 explicando
408 3642 446 3705 de
469 3643 532 3705 hac
554 3664 588 3705 re
612 3642 801 3725 protulimus
825 3662 857 3724 p.
882 3639 926 3725 3).
975 3639 1054 3704 Cum
1078 3641 1162 3704 enim
1184 3641 1301 3705 lentius
1322 3642 1354 3705 in

192 3746 364 3810 Thesidam
406 3746 588 3812 obstantem
631 3754 741 3832 (quem
774 3746 956 3811 Palladium
989 3746 1172 3832 reflagitare
1206 3747 1353 3831 suspicati

192 3858 313 3928 snmus)
336 3853 454 3916 irruere
478 3854 631 3932 videatur,
666 3853 798 3918 fortasse
833 3855 922 3918 brevi
956 3875 992 3917 eo
1021 3853 1135 3917 adduci
1169 3854 1285 3936 poterit
1318 3858 1355 3919 ut

191 3960 319 4043 signum
343 3961 373 4023 ei
387 3961 502 4023 tradat.
550 3960 719 4025 Diomedes
736 3966 845 4024 autem
861 3961 916 4042 qui
938 3966 1005 4024 tam
1019 3962 1222 4025 vehementer
1239 3960 1354 4026 Demo·

191 4067 347 4150 phontem
382 4064 506 4148 repellit
549 4067 677 4150 signnm
712 4089 803 4131 sunm
834 4068 919 4130 haud
957 4068 1051 4131 dubie
1081 4066 1230 4130 retinebit
1256 4073 1353 4149 atque

191 4171 294 4254 Argos
321 4169 501 4248 transferet,
530 4173 583 4236 sed
610 4172 727 4237 falsum
754 4175 879 4256 signum
907 4173 959 4237 hic
993 4173 1120 4256 quidem
1150 4175 1356 4241 consecrabit

1161 4296 1180 4350 3
1297 4308 1299 4310 ,
