3334 5042
1748 373 1817 426 24

1219 548 1500 605 Picturae
1535 547 1858 620 parietalis
1894 543 2319 628 frpymentum.

829 683 925 740 36.
975 679 1064 738 Cf.
1111 679 1266 738 Bull.
1313 678 1703 737 communale
1750 680 1813 737 di
1866 680 2070 738 Roma
2120 680 2279 739 1880
2323 698 2382 754 p.
2432 682 2576 749 284,
2623 683 2677 738 4.

826 782 1083 840 Perseus
1128 781 1379 840 libratus
1422 798 1532 855 per
1574 798 1719 839 aera
1750 781 1917 839 volat
1948 782 2009 839 d.
2040 780 2293 856 harpen,
2339 798 2387 840 s,
2418 798 2547 838 rem
2581 782 2914 858 quandam,

625 901 783 960 quae
829 901 976 942 num
1021 882 1422 958 Gorgoneum
1466 881 1646 940 fuerit
1689 899 1816 940 non
1858 883 1980 940 iam
2023 881 2389 957 agnoscitur,
2436 890 2690 958 portans
2706 875 2746 942 ¹.

1614 1068 1919 1127 Nummus.

825 1204 924 1262 37.
974 1201 1383 1277 Seriphiorum
1416 1219 1568 1259 mus.
1601 1176 1745 1260 Brit.
1792 1201 2079 1277 Seriphos
2114 1183 2211 1278 10,
2258 1202 2358 1261 ed.
2406 1199 2759 1259 Caldavene
2791 1201 2915 1262 tab.

624 1304 711 1360 IV
752 1306 850 1374 27,
898 1303 1094 1365 Catal.
1140 1303 1221 1364 of.
1267 1321 1355 1378 gr.
1403 1304 1594 1380 coins,
1640 1302 1823 1361 Crete
1869 1322 1922 1363 a.
1968 1304 2222 1378 Aegean
2255 1304 2352 1361 Isl.
2402 1303 2524 1362 tab.
2568 1303 2810 1361 XXVII
2859 1307 2915 1364 7.

822 1404 1119 1464 Medusae
1163 1412 1347 1479 caput
1379 1413 1441 1461 et
1485 1402 1677 1480 harpe
1709 1398 1759 1482 )(
1803 1404 2059 1464 Perseus
2105 1406 2187 1462 ad
2234 1422 2280 1465 s,
2337 1405 2517 1462 currit
2563 1423 2610 1465 s,
2662 1405 2915 1482 harpen,

626 1508 687 1568 d.
733 1525 860 1565 rem
899 1523 1027 1565 non
1073 1506 1536 1582 agnoscendam
1581 1524 1821 1581 gerens,

791 1791 879 1867 L.
961 1790 1283 1866 Perseus
1337 1789 1731 1864 Minervae
1783 1789 2020 1865 tradit
2070 1789 2439 1865 Medusae
2493 1803 2741 1886 caput.

1422 1937 1541 1997 Vas
1575 1920 1802 2011 pictum
1842 1937 1941 2014 fiq.
1987 1938 2113 1997 rub.

822 2073 1073 2133 Cratera
1118 2073 1368 2131 Plistiae
1413 2079 1656 2147 reperta
1701 2088 1851 2131 mus.
1897 2069 2153 2145 Neapol.
2198 2089 2257 2129 n.
2305 2072 2465 2130 2202
2491 2069 2592 2136 H.,
2639 2071 2736 2131 ed.
2779 2071 2913 2129 Du-

623 2174 1225 2233 bois-Maisonneuve
1263 2173 1488 2239 introd.
1535 2173 1630 2240 45,
1676 2171 1835 2231 Mus,
1884 2170 2062 2230 Borb.
2108 2170 2166 2226 V
2211 2173 2310 2231 51.

820 2273 1042 2334 Coram
1083 2275 1227 2332 Iove
1273 2274 1510 2333 Iunone
1555 2272 1871 2331 Dioscuris
1915 2271 2198 2349 Nympha
2241 2272 2453 2347 Satyro
2490 2272 2748 2330 Perseus
2793 2272 2908 2330 Mi-

628 2393 854 2435 nervae
900 2375 1086 2435 tradit
1124 2375 1430 2434 Medusae
1485 2384 1672 2450 caput
1713 2393 1966 2452 parvum
2022 2375 2163 2432 albo
2220 2375 2424 2432 colore
2469 2374 2716 2450 pictum.
2804 2374 2911 2433 Ad

620 2476 960 2536 Minervam
1012 2476 1284 2536 Victoria
1351 2477 1617 2545 advolat,
1687 2477 1879 2535 altera
1938 2475 2211 2534 Victoria
2268 2477 2479 2534 Iovem
2513 2504 2514 2507 ¹
2543 2483 2910 2534 coronatura

622 2588 734 2639 est.
823 2578 971 2638 Post
1001 2578 1286 2638 Perseum
1331 2597 1586 2655 serpens
1632 2597 1699 2636 se
1746 2578 1963 2655 arrigit.
2029 2576 2211 2635 Vasis
2256 2587 2460 2651 partes
2490 2577 2654 2635 haud
2682 2594 2909 2653 parvae

622 2682 700 2738 ab
742 2681 990 2740 homine
1036 2680 1269 2739 recenti
1306 2680 1619 2740 restitutae
1666 2698 1801 2738 esse
1846 2679 2155 2752 videntur;
2203 2677 2470 2755 inprimis
2515 2694 2766 2754 serpens
2808 2675 2908 2732 ille

617 2799 864 2856 gravem
911 2782 1322 2857 suspicionem
1363 2790 1586 2842 movet.

616 3064 714 3138 M.
794 3064 1141 3141 Minerva
1202 3064 1482 3140 Perseo
1545 3062 1915 3138 Medusae
1977 3077 2209 3164 caput
2263 3067 2467 3161 aq'ua
2538 3059 2903 3136 reflexum

1560 3194 1956 3256 monstrat.

1400 3336 1556 3393 Vasa
1596 3338 1762 3408 picta
1803 3338 1901 3409 ἥρ.
1946 3337 2057 3394 rub
2075 3331 2118 3395 2.

818 3472 869 3529 1.
919 3469 1141 3526 Patera
1169 3469 1401 3526 Rubeis
1447 3470 1700 3527 inventa
1745 3489 1894 3531 mus,
1923 3469 2180 3545 Neapol.
2226 3489 2286 3530 n.
2316 3471 2477 3530 2562
2508 3469 2611 3547 H.,
2658 3471 2755 3527 ed.
2787 3469 2905 3526 Mi-

618 3572 851 3628 nervini
893 3587 1071 3630 mem.
1121 3572 1300 3630 acad.
1343 3571 1465 3631 tab.
1504 3571 1548 3630 1.

815 3672 1071 3730 Perseus
1116 3666 1507 3749 (ΠΕΒξΕΥξ)
1553 3673 1613 3731 in
1659 3674 1793 3732 loco
1849 3674 2017 3732 edito
2075 3677 2301 3733 sedens
2350 3675 2433 3731 ad
2474 3683 2726 3750 puteum
2792 3676 2901 3732 de-

616 3773 812 3850 spicit,
851 3791 1032 3848 supra
1077 3791 1260 3848 quem
1290 3773 1568 3831 Minerva
1597 3774 1898 3833 Medusae
1930 3784 2117 3851 caput
2146 3776 2465 3852 pulchrum
2509 3776 2679 3834 tollit.
2755 3777 2807 3833 A
2852 3795 2903 3837 s,

578 3867 581 3872 ’
615 3874 891 3932 Victoria
935 3875 1221 3946 accurrit;
1271 3876 1331 3935 d.
1374 3874 1621 3951 Satyrus
1664 3877 1868 3951 primis
1913 3876 2173 3952 pedibus
2219 3896 2287 3935 se
2330 3877 2523 3953 erigit.

819 3978 876 4036 2.
924 3975 1178 4036 Cratera
1244 3978 1477 4036 Rubeis
1542 3979 1789 4037 inventa
1848 3997 2001 4038 mus,
2034 3981 2240 4051 ‚acadss
2276 3980 2460 4058 Lips.‚
2506 3980 2620 4051 ed.⁸
2652 3977 2901 4036 SaechS.

615 4077 751 4137 Ber.
801 4079 960 4139 1847
1005 4096 1066 4153 p.
1113 4080 1252 4140 287.

811 4223 834 4263 ¹
871 4231 1023 4279 Haec
1058 4229 1238 4279 Persei
1294 4231 1461 4295 figura
1498 4231 1837 4281 decoraminis
1878 4247 2035 4283 causa
2069 4233 2211 4299 picta
2251 4232 2459 4281 videtur
2498 4237 2739 4296 excerpta
2777 4244 2898 4278 esse

616 4333 676 4368 ex
716 4317 1100 4368 Andromedae
1137 4318 1441 4371 liberandae
1478 4320 1706 4383 imagine
1741 4322 1803 4373 cf.
1842 4322 1899 4370 R
1938 4320 2021 4379 12,
2064 4320 2146 4372 13.

810 4402 835 4442 2
870 4408 954 4456 De
992 4406 1076 4457 his
1124 4409 1261 4457 vasis
1311 4410 1374 4461 cs.
1415 4409 1674 4473 imprimis
1720 4411 1784 4462 Ο.
1812 4410 1953 4478 Jahn
2004 4410 2217 4461 SaechS.
2258 4387 2373 4460 Ber.
2418 4407 2552 4461 1847
2591 4423 2643 4472 p,
2683 4404 2785 4457 287
2827 4421 2900 4454 ss,
