3334 5042
881 386 915 439 22

432 561 559 621 Perseus
581 563 695 619 iuvenis
719 579 788 619 curn
809 562 906 638 harpe
937 571 969 618 et
999 561 1083 619 cibisi
1113 560 1339 637 appropinquat
1365 561 1479 617 mulieri

336 662 439 721 tunica
459 662 551 738 longa
574 663 711 739 vestitae,
734 663 818 721 cuius
841 680 858 718 e
882 662 963 721 colio
986 673 1079 738 caput
1100 661 1201 719 cervi¹
1221 661 1384 738 prominet.
1427 662 1479 721 Ad

338 765 368 821 d.
393 781 542 822 conversa
564 762 678 822 semina
699 771 761 822 stat
794 762 876 823 alata
900 764 1004 822 tunica
1029 765 1120 840 longa
1146 763 1258 821 vestita
1280 779 1426 821 coronam
1448 771 1479 819 et

334 864 438 922 vittam
460 872 586 940 portans
609 860 773 942 (Victoria)
783 861 805 925 2.

777 986 901 1074 Speculo
923 1003 1045 1059 etrusca.

436 1137 484 1194 26.
505 1134 564 1195 ua.
587 1134 728 1193 certare
750 1134 785 1194 u.
810 1134 861 1209 ep.
886 1114 955 1195 121‘.

346 1268 348 1273 ·
434 1234 565 1294 Perseus
586 1237 702 1295 iuvenis
724 1236 806 1312 pileo
831 1236 923 1303 alate,
948 1235 1048 1293 tunica
1081 1237 1172 1310 ionga
1204 1237 1329 1294 vestitus
1361 1237 1479 1312 magnis

336 1339 389 1396 alis
413 1339 595 1397 umeralibus
617 1332 830 1415 praeditus'ad
853 1339 883 1398 d.
908 1338 1008 1412 currit,
1030 1355 1123 1395 mauu
1147 1356 1171 1397 S.
1195 1337 1309 1412 cibisin,
1327 1340 1356 1398 d.
1372 1338 1480 1397 falcem

336 1448 473 1517 portans,
496 1448 590 1516 caput
611 1440 778 1498 reflectens.

434 1544 485 1601 27.
510 1541 622 1601 Rollini
644 1550 675 1599 et
689 1540 893 1599 Feuardentis
909 1539 1124 1615 Parisinorum,
1147 1542 1197 1599 ed.
1222 1540 1362 1598 Gerhard
1377 1541 1413 1601 F..
1429 1543 1478 1618 Sp.

334 1641 362 1697 V
391 1644 439 1701 68.

432 1745 564 1803 Perseus
583 1737 727 1824 (Pherse)
750 1747 844 1805 add.
867 1745 942 1822 fugit
964 1763 1033 1803 cum
1057 1745 1135 1803 falce
1150 1745 1246 1804 hastis
1262 1745 1357 1817 cibisi,
1380 1763 1397 1800 e
1420 1762 1479 1819 qua

332 1846 504 1920 prominent
528 1847 635 1907 crines,
681 1848 761 1905 Eum
783 1848 975 1923 persequitur
1001 1848 1077 1906 deus
1102 1848 1236 1906 marinus
1257 1842 1409 1925 (Porcius)
1431 1847 1479 1903 tri·

334 1948 460 2005 dentem
486 1949 616 2024 vibrans,
653 1950 701 2007 cui
736 1950 856 2007 obviam
883 1950 1021 2024 graditur
1043 1949 1179 2008 Minerva
1200 1941 1347 2026 (Menrfa)
1369 1949 1481 2023 aegide

332 2056 476 2123 protenta
505 2050 650 2110 Perseum
686 2050 870 2111 defendens.
913 2050 952 2112 D.
981 2050 1089 2110 mulier
1120 2052 1202 2110 alata
1228 2045 1387 2127 (Meanpe)
1409 2058 1481 2124 stat,

334 2152 419 2209 cuius
441 2153 519 2208 inter
544 2152 642 2227 pedes
666 2152 758 2227 piscis
782 2160 878 2211 natat.
918 2152 1057 2210 Purcium
1078 2169 1146 2209 esse
1166 2152 1304 2227 Phorcyn
1326 2151 1477 2208 Medusae
1498 2184 1501 2189 «

334 2259 453 2328 patrem
474 2251 590 2310 Koerte
614 2252 747 2327 agnovit.

811 2389 999 2467 Anoqupho.

436 2516 485 2575 28.
509 2514 695 2591 Sarcophagi
709 2514 809 2592 Cyprii
831 2516 911 2574 latus
928 2515 1019 2575 breve
1037 2517 1176 2584 aiterum,
1193 2517 1242 2575 ed.
1256 2514 1388 2575 Ce'snoia
1411 2516 1478 2577 coll.

336 2617 372 2674 of
389 2634 470 2693 cypr.
491 2626 554 2678 ant.
577 2616 639 2676 tab.
664 2618 704 2677 74
725 2635 755 2674 n.
777 2618 847 2677 478.

434 2719 464 2778 S.
486 2720 620 2779 Medusa
643 2718 755 2777 vestita
776 2719 879 2777 tunica
902 2720 1003 2793 ionga,
1020 2719 1101 2777 alata
1123 2727 1269 2809 quattuor
1290 2719 1354 2792 alis,
1379 2720 1480 2795 capite

296 2900 299 2907 y
334 2820 451 2896 privata
472 2822 623 2890 concidit;
655 2839 694 2878 ex
723 2821 788 2879 eius
813 2821 893 2879 collo
916 2822 958 2878 ad
980 2839 1004 2880 s.
1028 2820 1188 2895 Chrysaor,
1221 2822 1261 2879 ad
1291 2823 1322 2879 d.
1344 2819 1480 2896 Pegasus

334 2932 475 2999 surgunt3
498 2932 596 2983 mater
618 2925 714 2982 altera
736 2940 829 2981 manu
843 2922 1020 2998 Chrysaoris
1043 2923 1201 2981 brachium
1216 2925 1246 2982 d.
1263 2924 1357 2982 altera
1372 2922 1481 2997 Pegasi

335 3025 450 3098 pedem
472 3026 604 3100 priorem
627 3044 649 3084 s.
673 3024 915 3101 comprehendit.
959 3027 1013 3084 Ad
1046 3027 1076 3083 d.
1099 3025 1228 3082 Perseus
1259 3025 1391 3083 discedit
1411 3024 1480 3082 bar-

334 3125 435 3194 batus
467 3142 560 3184 manu
589 3127 620 3185 d.
644 3125 754 3184 falcem
780 3144 902 3201 gerenS,
936 3145 959 3187 s.
983 3127 1089 3184 cibisin
1111 3144 1128 3182 e
1151 3126 1261 3183 baculo
1292 3128 1482 3200 pendentem

335 3235 474 3301 portans
517 3229 601 3285 Inter
622 3226 786 3285 Medusam
819 3236 849 3285 et
878 3227 1021 3286 Perseum
1054 3228 1137 3284 canis
1170 3228 1259 3285 sedet
1290 3229 1332 3285 ad
1354 3229 1384 3286 d.
1407 3245 1481 3286 con·

335 3345 448 3386 versus,
1415 3336 1418 3343 '

435 3432 483 3488 29.
507 3428 603 3485 Heroi
633 3428 758 3503 Trysaei
789 3430 867 3485 muri
894 3430 1047 3488 orientalis
1070 3446 1130 3497 an,
1163 3429 1212 3486 ed.
1235 3424 1397 3485 Benndorf
1423 3428 1481 3484 das

337 3529 467 3596 Heroon
490 3545 549 3586 von
572 3527 883 3604 Gjoelbaschi·Trysa
906 3532 966 3588 tab.
990 3528 1068 3587 XIX
1090 3532 1119 3597 9,
1143 3528 1181 3586 cf.
1203 3548 1233 3603 p.
1258 3531 1327 3589 175.

435 3631 539 3688 Homo
562 3632 666 3698 nudus
688 3630 846 3706 chlamyde
871 3633 993 3690 volante
1012 3632 1135 3689 brachio
1158 3633 1188 3692 d.
1202 3618 1346 3706 protento
1362 3632 1480 3706 magnis

335 3731 482 3808 gradibus
502 3732 543 3787 ad
566 3749 589 3791 s,
612 3720 717 3805 currit3
746 3750 839 3789 manu
870 3750 893 3793 s,
916 3740 1036 3789 retenta
1060 3742 1152 3807 caput
1181 3731 1347 3790 humanum
1368 3740 1481 3806 portat.

336 3835 416 3892 Ante
434 3850 502 3890 eum
526 3841 572 3890 est
593 3850 642 3891 res
664 3835 819 3910 quaedam
835 3835 907 3891 coni
924 3834 1021 3894 forma
1042 3850 1133 3906 quam
1150 3832 1371 3908 praetercurrit.
1408 3830 1482 3887 Post

336 3952 448 3994 conum
470 3936 552 3992 illum
575 3935 659 3992 canis
681 3935 840 4010 prominet.

436 4072 446 4109 ¹
465 4075 551 4142 Caput
570 4077 706 4141 equinum,
725 4091 823 4125 cornua
843 4084 930 4126 autern
950 4091 1017 4141 quae
1039 4076 1161 4124 videntur
1175 4077 1329 4139 sauguinem
1342 4075 1482 4139 prosilien·
1591 4095 1593 4099 ·

335 4171 390 4213 tem
409 4179 468 4215 esse
489 4164 602 4214 coniecit
619 4166 756 4214 Hermann
774 4165 890 4213 Perseus
909 4182 934 4215 u.
954 4163 1128 4214 Andromeda
1146 4179 1172 4227 p.
1191 4161 1217 4215 5.

433 4247 447 4286 ²
465 4252 599 4319 Scyphum
623 4270 639 4303 a
656 4252 870 4317 Staclrelbergio,
893 4254 938 4305 Gr.
957 4254 983 4302 d.
1002 4254 1038 4302 H.
1058 4250 1094 4303 39
1114 4252 1222 4319 editum,
1251 4254 1278 4303 in
1296 4270 1349 4318 quo
1367 4254 1480 4303 Perseus

336 4358 351 4390 a
370 4342 484 4391 Medusa
502 4356 579 4390 caesa
598 4342 739 4391 discedens
760 4328 922 4404 compositus
943 4349 983 4390 est
1001 4356 1058 4389 cum
1078 4324 1216 4389 Chimaera
1235 4351 1260 4389 et
1279 4341 1380 4407 Hydra,
1403 4341 1481 4392 falsa-

333 4431 397 4480 toris
417 4445 484 4495 opus
505 4446 563 4480 esse
582 4430 709 4496 Stephani
728 4431 827 4496 docuit,
850 4429 1073 4495 Comme-Remu
1095 4427 1161 4480 1881
1182 4445 1207 4493 p.
1227 4430 1270 4481 36.
