3334 5042
818 442 1023 506 ..20-

556 674 606 737 16.
631 673 757 736 Pictore
779 673 975 758 Pompejonc,
1004 697 1033 737 α.
1058 672 1140 734 1872
1161 675 1280 759 effosso.

399 804 403 813 ’
515 793 580 849 Mus.
599 793 707 850 Nazion.
744 793 835 849 Giorn.
855 793 925 864 degli
944 789 1021 849 Sea'vi
1039 794 1065 848 di
1084 794 1177 864 Pomp.
1196 794 1220 848 ΙΙ
1239 798 1258 848 t.
1277 794 1310 848 X.

425 920 526 987 Locus
560 944 624 1005 quo
659 942 773 986 scaena
807 923 914 1004 agitur
951 945 1046 1006 quam
1084 921 1317 986 accuratissime
1351 922 1498 1005 depictus

335 1033 398 1095 est:
433 1049 528 1113 quom
565 1027 704 1113 primum
747 1027 971 1093 describemus.
1007 1063 1049 1073 —
1083 1025 1122 1090 In
1158 1029 1332 1110 posteriore
1368 1026 1498 1092 tabulae

333 1139 427 1218 parte
450 1134 605 1220 templum
622 1135 764 1200 doricum
784 1135 913 1214 eminet,
938 1137 1029 1219 cnjus
1052 1133 1142 1198 frons
1164 1139 1321 1217 quattuor
1344 1135 1498 1200 columnis

337 1246 454 1306 ornata
498 1247 546 1306 eet
589 1242 676 1306 inter
726 1262 806 1325 quas
857 1247 945 1306 serta
989 1242 1138 1325 pendent.
1190 1276 1230 1288 -
1276 1240 1380 1326 Major
1424 1262 1498 1325 pars

334 1348 421 1413 aedis
445 1348 514 1412 velo
538 1347 660 1433 ingenti
696 1347 859 1412 occultata
893 1351 942 1412 est
976 1348 1061 1431 quod
1093 1350 1182 1410 tecto
1211 1352 1243 1411 et
1271 1346 1425 1412 columnis
1449 1352 1498 1412 est

335 1454 518 1538 alligatum.
578 1454 712 1519 Videtur
753 1458 860 1519 tamen
897 1452 985 1517 nullo
1032 1452 1096 1517 alio
1139 1453 1270 1518 consilio
1313 1455 1359 1518 sic
1401 1453 1497 1518 collo-

335 1565 443 1624 catum
467 1581 545 1639 osse,
575 1562 638 1626 nisi
667 1565 703 1625 ut
730 1560 843 1646 figuris
866 1561 1103 1625 antestantibus
1131 1559 1250 1624 nudam
1273 1581 1383 1624 aream
1405 1580 1497 1642 prae-

333 1666 416 1731 beat.
444 1668 611 1751 Apparent
622 1670 695 1752 post
705 1667 860 1750 templum
876 1665 1105 1731 nonnullorum
1120 1687 1339 1751 oppressorum
1352 1663 1496 1750 fastigia-3

333 1767 378 1818 -’-
401 1781 508 1838 sentes
530 1774 564 1836 iu
588 1772 703 1837 dextra
723 1773 854 1837 tabulae
877 1777 978 1857 parte,
1002 1774 1036 1837 in
1050 1765 1167 1836 'media
1189 1774 1284 1838 arbor
1307 1771 1398 1836 arida
1422 1793 1497 1836 con·

336 1880 478 1964 spicitur.
1062 1964 1065 1970 ³

422 1984 496 2049 Jam
507 1984 711 2068 perspicuum
724 1988 773 2049 est
784 1983 892 2048 lucum
900 1984 1083 2071 significari.
1108 1984 1242 2050 Accedit
1249 1987 1334 2069 qnod
1345 1988 1379 2048 in
1393 1985 1498 2048 media

333 2089 398 2155 iere
420 2091 535 2156 tabula
559 2111 616 2154 ara
638 2091 754 2174 ingens
777 2095 844 2156 stat
866 2113 938 2156 cum
967 2091 1039 2173 igne
1062 2090 1223 2174 flagranti.
1271 2091 1401 2155 Eminet
1422 2095 1497 2174 post

333 2218 403 2279 eam
425 2198 511 2262 basis
533 2196 691 2261 altissima
713 2198 747 2260 in
771 2218 838 2281 qna
857 2199 961 2281 tripos
977 2198 1144 2282 impositus
1160 2201 1218 2262 est.
1265 2198 1369 2261 Etiam
1386 2217 1498 2261 mensa

332 2324 422 2368 sacra
441 2303 537 2367 variis
553 2302 645 2368 donis
661 2307 795 2368 onerata
806 2306 903 2387 juxta
918 2304 1034 2368 altaria
1051 2308 1147 2367 astat.
1188 2302 1346 2369 Columna
1361 2304 1496 2385 denique

332 2409 493 2492 utrimque
524 2411 641 2475 eminet
668 2411 716 2474 ita
750 2415 787 2474 ut
810 2411 982 2494 spectatori
1008 2411 1154 2494 proxima
1177 2411 1219 2473 sit
1242 2414 1340 2493 atque
1364 2410 1496 2474 dimidia

331 2520 460 2581 tantum
492 2518 715 2602 conspiciatur.
773 2514 862 2592 Quae
900 2518 934 2582 in
974 2518 1104 2581 sinistra
1139 2520 1205 2580 stat
1244 2498 1326 2579 nihil
1363 2517 1496 2598 praebet

331 2623 471 2706 insigne;
498 2622 611 2702 altera,
634 2623 737 2688 ionico
760 2623 900 2708 capitulo
928 2626 979 2689 cui
1001 2643 1081 2687 urna
1110 2623 1261 2708 imposita
1288 2627 1338 2686 est
1368 2627 1494 2699 oruata,

331 2729 446 2793 taeniis
476 2734 548 2794 tota
578 2730 683 2794 cincta
709 2735 766 2794 est.
807 2730 899 2796 Dona
930 2730 1068 2807 (fructus
1084 2730 1134 2794 rel
1157 2726 1229 2816 ova)
1251 2727 1324 2793 basi
1345 2728 1496 2813 imposita

330 2839 416 2913 sunt,
440 2856 524 2920 qnae
547 2837 617 2921 ipsa
639 2857 767 2919 quoque
790 2837 904 2901 taeniis
928 2841 977 2901 cst
993 2842 1119 2901 ornata.
1167 2835 1251 2912 Quin
1273 2835 1324 2899 his
1347 2837 1495 2900 omnibus
1528 2832 1530 2835 ’

331 2941 510 3026 sepulcrum
545 2943 703 3008 indicetur
737 2944 876 3007 dubitari
900 2966 970 3009 mea
993 2945 1154 3007 sententia
1175 2956 1240 3007 non'
1274 2946 1384 3025 potest
1392 2937 1427 3026 ¹).
1453 2977 1495 2987 —

421 3046 483 3113 Sed
496 3050 565 3133 jam
585 3050 625 3113 ad
641 3049 760 3133 figuras
776 3050 880 3115 venio.
919 3049 1004 3114 Ante
1016 3050 1175 3115 tumulum
1192 3071 1286 3132 supra
1301 3050 1493 3133 descriptum

335 3154 450 3219 mulier
478 3159 544 3219 stat
571 3149 677 3240 capite
697 3158 908 3241 <corporisque
931 3161 1022 3240 parte
1046 3159 1207 3240 superiore
1241 3161 1416 3222 retrorsum
1444 3178 1494 3221 re·

331 3262 435 3346 jectis,
460 3262 583 3345 capillis
604 3264 639 3327 in
664 3264 811 3329 humeros
847 3263 1071 3340 defluentibus
1106 3263 1240 3348 pedibus
1273 3266 1378 3330 nudis.
1414 3262 1493 3328 Cum

332 3369 496 3433 sinistram
521 3372 624 3456 erigat
647 3370 827 3455 sepulerum
852 3370 1055 3436 vehementer
1079 3371 1199 3455 alloqui
1227 3370 1367 3452 videtnr;
1390 3369 1493 3433 facem

331 3474 523 3561 flagrantem
547 3477 660 3541 dextra
683 3478 819 3542 demissa
828 3481 926 3555 tenet.
955 3514 994 3524 —
1018 3477 1202 3542 Sustinetur
1226 3499 1247 3541 a
1269 3497 1369 3560 parva
1391 3476 1494 3559 figura

330 3582 450 3645 vestitu
486 3578 628 3668 Phrygio
662 3583 784 3662 indute,
823 3582 910 3647 inira
944 3605 1039 3667 qnam
1072 3584 1263 3667 inscriptum
1294 3590 1341 3647 est
1376 3602 1491 3646 nomen

332 3683 553 3752 ΥΠΕΡΕΤΗΣ.
600 3690 677 3774 Ejus
712 3691 841 3755 domina
868 3710 951 3775 quae
985 3690 1028 3754 sit
1050 3696 1197 3775 apertum
1222 3694 1271 3752 est
1294 3710 1366 3752 cum
1397 3710 1492 3752 nemo

331 3814 505 3876 agnoscere
539 3818 604 3862 non
637 3798 739 3881 possit
760 3795 905 3884 βακχεῖον
928 3795 1008 3881 κάρα
1034 3799 1088 3882 τῆς
1105 3790 1277 3878 θεσπιῴὸαυ
1303 3792 1491 3880 Κασάνδρας.

329 3898 372 3964 Et
394 3922 510 3968 nomen
534 3903 635 3967 adhuc
651 3903 803 3968 distincte
825 3903 912 3967 iufra
933 3902 997 3987 legi
1012 3902 1091 3966 mihi
1107 3902 1307 3966 confirmavit
1323 3900 1490 3966 Robcrtus.

401 4096 421 4162 ¹)
440 4095 646 4151 eoncedendum
663 4112 728 4151 sane
746 4099 788 4151 est
819 4096 957 4151 columnas
981 4111 1042 4149 cum
1063 4094 1137 4148 urnis
1159 4094 1292 4164 impositis
1315 4110 1397 4164 saepe
1416 4110 1491 4148 orna

328 4185 476 4238 mentorum
494 4185 579 4239 instar
596 4185 623 4239 in
641 4185 752 4255 picturis
770 4185 864 4255 Pomp.
882 4184 1010 4252 adhiberi,
1028 4184 1077 4239 sed
1095 4200 1231 4254 nunquam
1249 4183 1345 4238 taeniis
1363 4185 1491 4238 ornantur

328 4287 414 4342 neque
432 4272 504 4329 dona
521 4274 560 4329 cis
579 4277 771 4344 proponuntur.
