3334 5042
794 307 837 372 20

712 398 925 405 --——-—--

230 506 317 568 enim
342 502 414 567 aliis
444 526 574 589 quoque
604 502 704 567 rebus
728 504 891 586 mi1·um,¹)
927 504 960 566 in
992 525 1056 588 quo
1082 525 1099 566 e
1135 502 1219 568 collo
1244 503 1402 567 Medusae

230 635 314 674 unus
333 610 499 697 Chrysaor
520 610 628 673 nudus
645 610 763 696 prodit,
787 608 913 673 falsarii
927 632 1009 695 opus
1023 633 1098 674 esse
1116 609 1313 695 Stephanius
1327 633 1402 696 cog·

229 721 358 802 novit.²)
406 716 512 803 Caput
540 740 671 804 quoque
700 717 876 781 humanum
914 716 1002 803 quod
1030 719 1063 782 in
1096 718 1252 804 amphora
1283 717 1402 782 Caere·

229 824 337 910 18613)
370 826 453 888 inter
489 822 558 888 alas
583 822 749 909 Gorgonis
785 825 965 888 trucidatae
1002 826 1175 910 prominet,
1200 825 1241 889 ab
1273 825 1403 889 homine

155 989 162 1004 ,
229 932 355 997 recenti
378 931 527 995 additum
551 929 643 1016 est.⁴)
689 931 764 995 Alia
788 954 867 996 vero
893 934 1041 1018 quaestio
1067 943 1125 1011 est,
1152 935 1237 996 sitne
1261 933 1403 997 Perseus

231 1063 249 1104 e
266 1040 491 1104 vetustissima
507 1037 619 1102 fabula
634 1038 762 1124 Pegaso
787 1049 913 1103 vectus
947 1038 1044 1119 Quod
1068 1063 1142 1103 cum
1158 1050 1274 1125 postea
1297 1040 1403 1104 fusius

231 1149 442 1233 expositurus
468 1149 539 1229 sim,
570 1147 758 1231 negandum
788 1169 864 1210 esse
892 1169 980 1211 nunc
1008 1146 1102 1210 brevi
1129 1147 1295 1212 indicasse
1324 1149 1404 1212 satis

231 1254 347 1320 habeo
396 1253 462 1320 Cur
487 1256 574 1318 enim
592 1256 739 1340 Pegasus
758 1257 889 1318 omnino
914 1254 1010 1326 adsit,
1035 1254 1090 1318 illa
1107 1277 1208 1319 causa
1232 1266 1290 1333 est,
1316 1256 1404 1342 quod

230 1364 302 1448 ipse
327 1383 456 1449 quoque
481 1383 587 1447 aeque
611 1384 650 1426 ac
676 1361 842 1448 Chrysaor
865 1371 940 1447 post
963 1362 1121 1426 Medusae
1146 1361 1283 1426 caedem
1305 1372 1403 1428 natus

232 1491 307 1533 esse
331 1470 443 1534 fertur.
490 1470 634 1533 Perseus
659 1479 768 1533 autem
791 1468 915 1533 nullam
940 1469 980 1534 ob
1005 1469 1103 1533 aliam
1131 1492 1200 1533 rem
1231 1492 1269 1534 eo
1294 1472 1403 1543 utitur,

229 1578 294 1640 nisi
314 1587 348 1641 ut
363 1576 609 1663 Bellerophonti
626 1598 710 1663 equo
727 1585 822 1641 vecto
840 1575 1047 1662 respondeat.
1082 1576 1179 1656 Quod
1198 1578 1264 1640 iam
1281 1577 1404 1641 dudum

232 1685 454 1750 Lewezowius
491 1695 580 1748 reete
616 1683 818 1769 intellexitfi)
854 1695 889 1748 ut
912 1683 1066 1748 Panofha
1094 1684 1134 1747 de
1165 1683 1246 1748 solio
1277 1684 1404 1749 Aescu·

231 1790 308 1877 lapii
334 1791 504 1878 Epidaurii
532 1792 707 1864 admonuit,
746 1794 780 1855 in
809 1814 873 1877 quo
903 1791 1147 1877 Thrasymedes
1178 1801 1210 1855 et
1232 1792 1404 1857 Medusam

232 1923 251 1962 a
274 1898 397 1963 Perseo
423 1922 555 1964 caesam
584 1909 615 1962 et
640 1899 848 1964 Chimaeram
873 1922 893 1962 a
916 1897 1169 1985 Bellerophonte
1199 1900 1405 1964 interfectam

232 2005 461 2093 sculpseratss)
495 2007 592 2088 Quod
608 2008 774 2070 Brunnius
799 2017 831 2069 et
848 2008 958 2072 Sixius
983 2008 1196 2070 coniecerunt
1220 2008 1405 2094 anaglypha

232 2111 287 2177 illa
311 2113 411 2177 Melia
434 2113 508 2179 solii
528 2114 700 2200 Epidaurii
724 2115 921 2178 imitationes
946 2114 1064 2198 esse,⁷)
1089 2113 1123 2177 id
1146 2113 1237 2179 titulo
1262 2115 1404 2201 Epidau-

232 2222 279 2284 rio
296 2220 464 2304 refellitur,
490 2244 554 2308 quo
572 2221 835 2307 Thrasymedem
862 2231 976 2307 quarto
994 2222 1126 2285 demum
1144 2221 1277 2286 saeculo
1302 2223 1406 2286 fuisse

234 2328 434 2414 docemur.⁸)
482 2330 570 2393 Fieri
593 2339 703 2392 tamen
730 2337 849 2414 potest,
878 2337 914 2392 ut
937 2328 1183 2415 Thrasymedes
1214 2339 1245 2392 et
1273 2330 1404 2416 anagly-

232 2435 370 2522 phorum
401 2435 519 2500 artifex
555 2460 596 2500 ex
631 2436 748 2501 eodem
772 2437 860 2500 fonte
884 2436 1095 2515 hauserint9)
1143 2435 1296 2501 Ceterum
1331 2459 1405 2501 ana·

233 2541 356 2631 glypha
379 2543 434 2607 illa
456 2544 556 2608 Melia
579 2566 653 2608 cum
678 2554 746 2607 arte
771 2544 884 2608 Ionica
908 2544 1085 2609 cohaerere
1109 2545 1319 2627 videamur)

257 2702 262 2708 ·
322 2669 392 2732 Iam
415 2669 524 2755 ipsum
548 2678 640 2733 ortus
656 2678 858 2733 momentum
874 2671 906 2733 in
925 2669 1130 2755 sarcophago
1148 2667 1269 2755 CyprIo
1293 2670 1405 2734 fictum

234 2776 347 2859 est.1¹)
394 2775 422 2840 Ε
452 2775 535 2841 collo
559 2775 718 2841 Medusae
743 2785 896 2862 quattuor
930 2776 990 2840 alis
1026 2777 1194 2862 praeditae
1229 2778 1405 2863 tunicaque

233 2881 331 2968 longa
359 2886 498 2948 vestitae
523 2884 671 2969 Pegasus
696 2893 728 2947 et
751 2882 927 2970 Chrysaor,
964 2883 1017 2947 hic
1042 2883 1167 2965 dextra,
1193 2882 1247 2947 ille
1272 2886 1404 2949 siaistra

233 2990 410 3076 prodeunt,
446 3001 551 3056 mater
584 2991 686 3056 altera
713 3015 813 3055 manu
849 2990 1040 3055 bracchium
1072 2991 1275 3076 Chrysaoris
1305 2991 1406 3055 altera

233 3098 352 3183 pedem
368 3098 486 3183 Pegasi
511 3109 609 3163 tenet.
635 3099 797 3163 Adextra
813 3109 905 3184 parte
920 3099 1064 3161 Perseus
1090 3098 1208 3161 falcem
1233 3109 1265 3161 et
1289 3098 1406 3162 cibisin

233 3228 251 3268 e
285 3204 403 3271 baculo
439 3207 637 3292 pendentem
673 3217 806 3294 portans
843 3207 992 3270 discedit.
1052 3207 1142 3270 Inter
1170 3207 1343 3270 Medusam
1374 3217 1407 3270 et

233 3313 389 3377 Perseum
415 3316 506 3378 canis
530 3315 573 3379 ad
598 3316 745 3379 dextram
763 3336 944 3379 conversus
963 3314 1064 3377 sedet.
1101 3313 1229 3393 Quodsi
1245 3314 1405 3377 Knatzius

233 3457 444 3466 m-—a

325 3528 343 3596 1)
363 3525 413 3583 Ed.
436 3527 628 3597 Stackelberg,
649 3527 751 3581 Graeb.
773 3528 798 3580 d.
818 3527 928 3581 Hellen.
948 3526 990 3579 39.

323 3618 345 3681 2)
365 3616 598 3688 Compte-Rendu
617 3636 644 3686 p.
666 3617 733 3670 1881
754 3635 781 3685 p.
801 3616 843 3669 36.

324 3706 346 3774 3)
365 3706 416 3760 Ed.
435 3707 509 3761 Mon.
531 3708 604 3761 dell!
623 3707 691 3761 Inst.
712 3705 780 3759 VIII
800 3706 844 3775 34,
864 3707 889 3760 2.

325 3797 347 3861 4)
368 3795 408 3848 Cf.
428 3797 518 3850 Knatz
536 3798 555 3852 l.
574 3815 597 3851 e.
616 3815 643 3866 p.
664 3796 706 3865 19,
726 3815 768 3849 nr.
788 3798 831 3849 11.

323 3885 343 3953 5)
362 3885 455 3938 Ueber
475 3886 500 3938 d.
520 3886 666 3940 Entwiclrl.
688 3886 736 3939 des
757 3884 1018 3954 Gorgonen-Ideals
1037 3884 1130 3950 (1833)
1149 3904 1176 3954 p.
1197 3885 1232 3938 60
1251 3902 1290 3953 sq.

324 3976 343 4041 8)
364 3975 475 4044 Asclep.
494 3976 552 4028 und
572 3975 617 4030 die
636 3975 825 4044 Asclepiaden
845 3974 937 4040 (1846)
957 3994 984 4044 p.
1007 3975 1037 4027 17
1058 3993 1084 4027 n.

322 4066 343 4129 7)
363 4065 522 4135 Abhandlg.
537 4066 587 4117 der
597 4066 672 4133 bayr.
686 4065 774 4123 Akad,
786 4065 856 4117 1872
866 4082 893 4133 p.
904 4065 969 4128 5353
981 4063 1067 4116 —De
1079 4063 1209 4132 Gorgone
1221 4064 1314 4133 (1883)
1324 4082 1352 4133 p.
1362 4064 1405 4116 55.

323 4154 343 4223 ⁸)
365 4152 405 4207 Cf.
427 4153 583 4219 Overbeck,
603 4154 710 4207 Plastik
728 4153 768 4206 11⁴
786 4173 812 4222 p.
834 4154 887 4207 126
905 4173 932 4207 n.
952 4154 1067 4206 24-26.

322 4244 344 4310 9)
365 4243 404 4297 Cf.
425 4242 515 4296 Knatz
534 4261 559 4311 p.
579 4243 621 4296 52.

311 4333 343 4403 ¹⁰)
365 4332 576 4401 Purtwaengler
594 4333 623 4384 in
642 4334 744 4387 Rosoh.
763 4334 800 4386 M.
814 4334 844 4386 L.
865 4333 886 4403 I,
909 4333 992 4395 1710;
1012 4334 1045 4386 H.
1066 4332 1194 4386 Schmidt
1212 4332 1230 4386 l.
1251 4349 1273 4385 e.
1294 4351 1322 4400 p.
1338 4332 1404 4394 154;

234 4422 323 4475 Knetz
341 4442 368 4492 p.
388 4422 431 4477 48.

311 4514 345 4580 11)
367 4513 491 4581 Cesnola,
512 4512 625 4567 Collect.
638 4511 670 4567 of
682 4512 763 4583 Cypr.
784 4516 835 4567 ant
861 4517 882 4567 t.
896 4513 930 4567 74
943 4532 985 4567 nr.
997 4512 1063 4578 4783
1082 4510 1318 4582 Perrot·Chipiez‚
1333 4511 1405 4566 Hiat.

234 4604 268 4659 de
287 4604 352 4659 l'art
370 4603 414 4657 Ill
431 4623 458 4676 p.
478 4604 530 4656 612
549 4604 595 4676 fig.
614 4603 676 4660 419.
