3334 5042
749 354 784 413 49

192 548 289 624 aptior
325 547 388 604 visa
425 552 481 604 est,
537 542 583 599 Ac
618 548 763 615 metopae
797 538 926 595 formam
962 543 1158 596 servaverunt
1191 535 1336 609 pleraque

194 649 280 707 huius
302 665 434 707 scaenae
454 649 667 713 monumenta3
690 638 899 715 antiquissima
921 647 970 695 est
991 645 1118 711 metopa
1138 635 1242 712 templi
1262 635 1337 694 Seli-

192 752 288 809 nuntii
311 749 344 820 C,
369 749 454 825 quod
475 746 558 805 haud
578 746 622 802 ita
641 744 736 800 multo
759 748 830 816 post
853 739 1041 797 Selinuntem
1061 738 1218 797 conditam
1240 731 1282 814 (a.
1308 756 1336 797 a.

194 852 227 911 C.
248 870 278 913 n.
303 838 382 923 628)
397 849 591 908 aedificatum
614 863 681 904 esse
704 850 811 901 censet
827 839 990 899 Benndorl
998 836 1019 902 ¹.
1063 839 1128 898 Iam
1143 839 1191 897 hic
1207 830 1336 898 eaedem

192 961 286 1029 atque
318 954 350 1010 in
380 951 532 1028 plerisque
559 949 655 1006 etlam
682 945 799 1004 serioris
828 944 937 1002 aetatis
964 941 1168 1000 monumentis
1197 949 1258 998 tres
1283 940 1337 999 ad·

192 1063 263 1111 sunt
278 1069 441 1129 personae:
464 1050 622 1108 Perseus
638 1048 793 1105 Medusa
807 1045 985 1103 Minerva.
1017 1042 1150 1117 Quartus
1165 1043 1195 1100 in
1210 1051 1336 1117 metopa

192 1152 313 1214 accedit
334 1154 499 1229 Pegasus
521 1153 627 1219 alatus,
654 1167 746 1224 quem
769 1148 902 1205 Medusa
923 1144 1054 1205 brachiis
1077 1144 1219 1220 amplexa
1241 1152 1336 1202 tenet.

105 1268 110 1343 l
193 1256 285 1315 Hunc
306 1272 491 1331 egoneque
513 1272 551 1311 ex
572 1251 705 1326 prolepsi
725 1250 864 1307 additum
886 1248 924 1307 ab
948 1248 1073 1313 artifice,
1103 1256 1136 1304 ut
1157 1247 1249 1322 vulgo
1272 1263 1337 1303 cre·

103 1372 108 1417 ;
194 1359 273 1415 dunt
284 1354 307 1427 2,
329 1373 430 1431 neque
451 1373 468 1411 e
492 1354 647 1428 sanguinis
670 1352 754 1410 stillis
777 1360 887 1429 ortum,
910 1352 967 1408 sed
990 1367 1022 1406 re
1043 1366 1114 1407 vera
1135 1357 1254 1424 partum
1269 1365 1338 1405 esse

54 1462 61 1472 '
102 1440 106 1477 ί
134 1502 137 1507 -
195 1478 214 1516 a
236 1458 369 1516 Medusa
400 1456 588 1515 crediderim.
632 1455 747 1512 Artifex
770 1454 965 1525 Selinuntius
1002 1464 1035 1510 ut
1063 1469 1153 1527 supra
1179 1452 1239 1509 iam
1266 1450 1338 1516 dixi,

49 1580 51 1590 ⁴
100 1606 103 1613 ,
192 1559 284 1617 aliam
320 1559 516 1617 traditionem
550 1564 670 1615 secutus
703 1563 752 1612 est
783 1565 877 1631 atque
903 1555 1061 1612 Hesiodus
1092 1554 1180 1628 eique
1208 1551 1337 1610 artifices

50 1672 57 1680 '
100 1712 102 1721 .
193 1661 247 1735 qui
271 1659 422 1734 Pegasum
445 1678 462 1716 e
486 1659 636 1717 Medusae
659 1659 738 1716 collo
759 1659 965 1734 prodeuntem
987 1657 1134 1718 fecerunt.
1163 1717 1165 1721 ,

98 1834 101 1843 Ι
299 1760 426 1819 Perseus
448 1761 478 1817 in
500 1761 558 1818 hac
579 1778 691 1818 scaena
714 1761 792 1818 solet
814 1760 958 1843 imberbis
979 1777 1056 1818 esse.
1100 1759 1238 1816 Minerva
1260 1776 1340 1834 quae

98 1864 102 1887 ¹
193 1863 284 1920 adest
306 1862 337 1918 in
359 1863 487 1922 treta
513 1869 583 1937 post
598 1863 744 1920 Perseum
768 1869 830 1920 stat
852 1863 951 1920 velata
972 1862 1055 1919 nullo
1079 1861 1224 1918 attributo
1246 1860 1339 1935 insig-

192 1965 267 2033 nita,
303 1981 364 2038 qua
386 1981 418 2020 re
441 1983 508 2022 eam
532 1964 701 2022 Minervam
723 1963 877 2040 appellare
907 1963 980 2021 olim
1010 1962 1160 2021 dubitavit
1181 1963 1344 2021 Benudorf

194 2067 214 2123 l.
230 2083 257 2125 c.
273 2083 303 2140 p.
321 2067 370 2126 44.
414 2066 503 2139 Quae
523 2065 693 2124 doctissimi
715 2067 768 2123 viri
789 2065 941 2124 dubitatio
959 2065 1082 2123 solvitur
1094 2065 1339 2140 inscriptionibus

95 2224 97 2233 ,
194 2167 387 2224 vasorumE
414 2170 427 2225 l
452 2169 481 2225 K
506 2173 533 2245 1,
566 2169 597 2225 in
620 2168 729 2243 quibus
752 2178 784 2225 et
813 2168 886 2243 ipsis
908 2167 1046 2225 Minerva
1075 2165 1225 2223 attributis
1247 2173 1340 2242 caret,

197 2276 294 2342 atque
317 2285 354 2325 eo
377 2271 462 2343 quod
483 2270 514 2325 in
536 2270 565 2326 K
588 2272 606 2328 6
628 2269 735 2326 mulier
763 2270 813 2327 illa
836 2268 938 2327 velata
960 2269 1061 2328 Persei
1082 2283 1204 2325 manum
1228 2267 1340 2341 dirigit,

197 2387 280 2443 quae
316 2370 525 2444 antiquissima
555 2371 653 2429 forma
685 2370 786 2428 auxilii
815 2389 834 2427 a
867 2370 1006 2429 Minerva
1039 2370 1151 2427 Perseo
1184 2369 1236 2427 lati
1271 2384 1340 2426 esse

90 2534 93 2559 Ι
196 2472 317 2530 videtur
330 2467 350 2530 3.

297 2571 355 2630 Pro
384 2572 522 2632 Minerva
549 2574 669 2633 Amasis
700 2575 732 2632 in
768 2574 782 2632 I
811 2576 828 2632 3
863 2574 982 2632 induxit
1015 2573 1199 2632 Mercurium
1226 2571 1339 2629 Perseo

197 2675 325 2733 similem
346 2677 385 2733 ab
407 2675 503 2733 altera
524 2675 673 2734 Medusae
695 2685 782 2751 parte
805 2683 1023 2744 accurrentem,
1047 2691 1108 2750 quo
1139 2673 1254 2731 factum
1282 2682 1337 2743 est,

196 2786 231 2834 ut
252 2784 414 2853 utrumque
437 2777 574 2852 picturae
596 2779 675 2834 latus
697 2786 879 2852 congrueret
900 2785 931 2833 et
953 2777 1082 2832 alterum
1103 2775 1189 2832 alteri
1214 2791 1340 2850 respon·

194 2879 284 2936 deret
294 2874 316 2937 4.

296 2979 378 3037 Inter
406 2980 629 3055 antiquissimas
659 2998 750 3054 porro
772 2980 906 3055 picturas
928 2978 1120 3053 mythologas
1149 2980 1342 3038 recensenda

194 3087 244 3137 est
266 3080 293 3136 E
317 3084 330 3137 l
366 3083 399 3137 in
433 3082 555 3139 vasculo
590 3083 675 3157 quod
696 3081 844 3139 Chalcide
872 3081 1051 3139 fabricatum
1078 3098 1147 3138 esse
1173 3090 1205 3138 et
1235 3099 1283 3138 ars
1310 3089 1341 3139 et

196 3181 412 3257 inscriptiones
436 3184 603 3244 declarant.
649 3182 798 3241 Videmus
821 3193 882 3240 tres
898 3181 1084 3257 Nymphas
1107 3199 1185 3258 quae
1201 3181 1341 3240 Perseo

194 3303 214 3342 a
237 3282 404 3342 Minerva
433 3284 579 3342 comitato
608 3285 737 3342 offerunt
759 3287 901 3361 crepidas
931 3286 1027 3343 alatas
1053 3292 1193 3359 petasum
1223 3284 1340 3343 cibisin.

195 3384 315 3456 Quibus
336 3386 375 3442 de
398 3386 487 3443 rebus
511 3403 602 3462 supra
630 3388 816 3462 disputatum
850 3397 904 3445 est.
948 3386 1088 3444 Eandem
1118 3402 1262 3444 scaenam
1289 3386 1343 3443 Gi·

84 3536 88 3549 .
193 3488 296 3544 tiades
325 3487 497 3545 caelaverat
523 3490 553 3545 in
578 3487 735 3546 Minervae
761 3488 935 3548 Chalcioeci
967 3489 1091 3563 templo,
1121 3489 1178 3545 nisi
1205 3490 1289 3565 quod
1315 3489 1341 3546 is

194 3590 274 3647 duas
304 3596 422 3646 tantum
451 3587 605 3663 Nymphas
636 3591 756 3665 galeam
788 3599 820 3647 et
856 3589 996 3665 crepidas
1026 3598 1185 3664 portantes
1218 3590 1342 3648 finxisse

193 3690 323 3746 videtur.

295 3788 472 3862 Quartum
500 3794 593 3868 mythi
625 3803 812 3854 momentum
840 3795 901 3853 iam
931 3796 970 3852 ab
1002 3794 1218 3871 antiquissimis
1251 3792 1340 3850 artifi-

194 3893 279 3950 cibus
300 3901 465 3952 tractatum
487 3911 555 3953 esse
576 3895 716 3969 proximo
739 3897 864 3953 demum
889 3903 1028 3970 tempore
1052 3894 1262 3970 comperimus.
1306 3893 1341 3951 In

294 4131 305 4170 ¹
323 4133 377 4185 Die
396 4133 523 4198 Metopen
542 4147 595 4185 von
613 4133 735 4184 Selinunt
753 4149 779 4199 p.
799 4131 843 4186 260

293 4227 365 4279 2Ci.
384 4239 408 4276 e.
428 4239 453 4286 g.
471 4222 518 4272 Six
539 4222 573 4272 de
592 4222 719 4287 Gorgone
737 4240 764 4289 p.
783 4222 827 4276 80.

296 4315 367 4370 δεῖ.
386 4314 517 4382 Apollod.
539 4315 566 4363 ΙΙ
584 4312 609 4374 4,
629 4311 655 4377 2,
674 4311 691 4364 8
711 4309 940 4377 κατευθυνούσης
958 4308 1011 4374 τὴν
1030 4311 1109 4374 χεῖρα
1126 4306 1252 4370 Ἀθηνᾶς.

296 4403 309 4441 ⁴
325 4407 399 4456 Haec
420 4404 513 4453 eadem
531 4402 732 4467 compositionis
753 4402 835 4451 forma
848 4406 941 4467 postea
954 4398 1066 4464 repetita
1078 4401 1125 4461 est,
1144 4394 1254 4446 erinna
1263 4390 1342 4458 pho

1128 4482 1146 4537 4
