3334 5042
828 366 1022 431 -6..

344 563 493 628 adversus
521 561 684 628 mulierem
707 562 825 638 vibrat,
862 581 946 645 quae
969 561 1130 626 celerrime
1154 562 1277 643 fugiens
1300 562 1504 644 conspicitur.
1635 652 1636 655 Ἴ

345 668 547 735 Sacerdotem
571 688 639 734 esse
666 688 736 733 eam
759 690 875 753 magna
898 687 993 751 quam
1021 673 1110 733 tenet
1139 667 1236 732 clavis
1269 668 1347 732 satis
1376 668 1504 731 iudicat.

345 776 437 841 Haud
473 775 604 840 dubium
638 780 745 840 autem
778 776 857 840 mibi
890 775 1015 840 videtur
1049 776 1126 858 quin
1160 773 1227 858 ejus
1261 774 1362 858 ipsius
1396 773 1505 857 templi
1636 764 1637 773 ¹

346 883 441 948 clavis
468 884 512 947 sit
538 884 624 967 quod
657 882 691 946 iu
726 882 828 947 media
862 882 987 966 pictura
1020 881 1219 964 conspicitur.
1267 879 1337 945 Viri
1371 881 1507 964 denique

346 988 456 1072 pileati
479 989 586 1053 vultus
609 992 716 1072 aperte
738 987 893 1067 stomachi
918 987 1097 1071 furorisque
1119 987 1210 1071 signa
1233 986 1461 1071 praesefert.
1492 1064 1493 1067 Ἴ

436 1097 575 1180 Apparet
621 1097 704 1161 viros
746 1092 934 1159 Diomedem
975 1099 1008 1158 et
1052 1091 1179 1159 Vlixem
1223 1117 1288 1159 esse
1330 1092 1507 1159 Palladium
1636 1140 1637 1143 κ

347 1201 518 1286 Trojanum
540 1203 707 1289 rapientes.
742 1200 907 1287 Templum
928 1202 995 1264 sine
1018 1201 1114 1266 dubio
1137 1200 1297 1265 Minervae
1320 1207 1380 1276 est;
1404 1221 1506 1266 sacer·

347 1309 414 1384 dos,
437 1307 594 1390 siquidem
620 1307 794 1373 Homerum
816 1305 969 1373 adhibere
991 1306 1074 1383 licet,
1099 1305 1226 1371 Theano
1242 1307 1429 1391 appellanda
1452 1313 1506 1372 est

348 1414 438 1490 Quae
465 1413 586 1478 fuerint
618 1419 724 1479 autem
756 1416 823 1500 ejus
856 1415 891 1479 in
920 1413 1063 1478 Palladio
1097 1414 1249 1496 rapiendo
1283 1418 1388 1497 partes
1422 1415 1508 1479 clave
1633 1403 1638 1411 ⁴

348 1542 443 1604 quam
477 1524 565 1584 tenet
597 1522 770 1606 templique
799 1521 896 1587 valvis
929 1522 1048 1605 apertis
1071 1523 1148 1585 satis
1170 1521 1363 1586 ostenditur:
1398 1521 1509 1585 aedem
1637 1590 1638 1597 ,

352 1625 497 1691 Diomedi
525 1632 582 1692 aut
607 1628 638 1693 vi
666 1635 721 1692 aut
748 1629 894 1711 precibus
928 1633 1014 1693 mota
1048 1628 1180 1712 aperuit.
1232 1627 1340 1692 Vlixes
1362 1649 1447 1691 nuuc
1469 1626 1508 1690 ad

349 1734 670 1818 templum'pervenit
686 1740 781 1818 atque
805 1756 877 1798 eum
892 1739 1020 1818 raptum
1038 1735 1104 1817 jam
1121 1754 1141 1797 a
1157 1735 1273 1799 comite
1294 1739 1509 1818 perpetratum

349 1840 430 1904 uidit
462 1840 512 1903 ira
533 1841 566 1903 iu
594 1840 790 1905 sacerdotem
817 1841 957 1905 effertur.
1014 1840 1130 1904 Mulier
1164 1844 1271 1904 autem
1304 1841 1395 1926 regia
1429 1861 1509 1924 quae

350 1946 532 2029 raptoribus
554 1943 639 2010 favet
661 1947 723 2011 alia
746 1967 814 2011 esse
838 1947 890 2010 vix
913 1952 1019 2030 potest
1041 1968 1138 2030 quam
1161 1946 1296 2012 Helena.

437 2052 475 2117 Iu
509 2072 633 2116 summa
665 2052 806 2136 picturae
842 2056 933 2136 parte
970 2053 1210 2137 conspiciuntur
1246 2054 1340 2117 etiam
1379 2052 1510 2117 deorum

351 2159 579 2225 nonnullorum
593 2158 724 2240 figurae.
771 2158 874 2244 Supra
896 2161 976 2243 signi
1000 2160 1049 2223 sui
1072 2165 1230 2243 raptorem
1247 2159 1392 2224 Minerva
1412 2160 1508 2235 sedet,

351 2287 450 2351 eaque
480 2266 607 2350 incepto
640 2264 758 2331 favens.
808 2265 846 2330 In
871 2267 982 2331 dextra
1009 2265 1141 2331 Hermes
1167 2267 1368 2349 conspicitur,
1405 2267 1510 2328 lurum

350 2378 513 2457 patronus,
549 2371 733 2437 Diomedem
766 2373 930 2456 aspicieus.
980 2372 1086 2438 Media
1118 2372 1207 2437 sedet
1236 2371 1328 2449 Nike,
1362 2392 1511 2436 coronam

350 2485 503 2565 torquens
527 2499 626 2562 eoque
650 2476 774 2544 felicem
797 2485 947 2545 eventum
970 2480 1164 2566 significans.
1176 2474 1201 2564 ¹)

532 2682 562 2746 6.
598 2681 756 2769 Amphora
776 2708 852 2749 mus.
876 2683 1009 2770 Neopot
1030 2684 1131 2761 3235,
1155 2685 1254 2748 Rudis
1276 2684 1323 2770 eff.

314 2831 319 2839 ’
353 2822 424 2878 Μοιι.
453 2818 565 2878 diust.
593 2820 684 2876 1136.
734 2821 879 2893 lughirami
905 2823 968 2878 Vas.
994 2823 1048 2879 litt.¹
1067 2825 1128 2892 333,
1154 2825 1215 2879 334.
1256 2821 1395 2879 Ouerbeclr
1424 2820 1511 2876 2419.
1640 2832 1641 2883 ᾗ

551 2909 806 2967 Minerviui'lllustr.
825 2912 853 2966 di
872 2929 908 2968 un
925 2929 991 2969 vaso
1008 2929 1111 2968 ruvese.
1148 2912 1216 2982 Nap.
1237 2912 1314 2968 1851.

441 3054 634 3140 Amphoram
663 3061 730 3120 tres
758 3055 883 3140 figurae
910 3056 1068 3122 decorant.
1096 3094 1140 3102 —
1168 3056 1278 3122 Media
1299 3060 1366 3120 stat
1387 3055 1511 3129 mulier,

352 3162 518 3246 splendido
533 3163 661 3229 chitoue
673 3160 720 3225 bis
732 3161 835 3227 cincto
848 3161 971 3241 induta,
989 3164 1093 3246 capite
1105 3162 1240 3248 στεφάνῃ
1256 3163 1378 3227 caelata
1389 3165 1511 3225 ornato.

353 3269 576 3334 sinistrorsum
609 3288 698 3333 versa
724 3272 772 3333 est
804 3289 997 3352 manumque
1028 3269 1149 3334 laevam
1184 3271 1224 3335 ad
1258 3270 1409 3354 juvenem
1440 3288 1512 3351 pro-

353 3376 457 3441 tendit
480 3376 634 3459 quiante
657 3380 821 3441 eamstat.
869 3374 946 3459 Ejus
976 3376 1183 3442 adolescentis
1209 3376 1314 3469 figura
1341 3375 1453 3441 babitu
1482 3378 1514 3437 et

353 3482 516 3577 positipne,
532 3482 585 3563 „ita
619 3504 690 3547 cum
725 3486 853 3546 statuae
877 3481 1075 3548 Monacensis
1098 3480 1150 3575 (4)
1181 3491 1259 3568 typo
1295 3483 1444 3567 congruit
1477 3485 1514 3543 ut

355 3589 496 3652 dubitari
524 3589 577 3653 vix
610 3588 710 3671 possit
737 3588 815 3674 quin
846 3588 946 3673 pictor
973 3611 1045 3653 eum
1073 3592 1254 3674 respexerit.
1305 3588 1437 3653 Juvenis
1464 3594 1514 3650 est

355 3693 505 3759 imberbis
527 3686 714 3778 ruborisque
737 3696 860 3780 plenus,
888 3696 993 3761 nudus
1016 3703 1141 3781 praeter
1168 3695 1368 3779 chlamydem
1391 3713 1471 3778 quae
1494 3713 1515 3756 a

355 3809 446 3884 tergo
461 3803 589 3886 pendet,
614 3801 719 3887 capite
742 3824 857 3867 corona
873 3806 997 3867 ornato.
1044 3801 1145 3866 Laevo
1164 3802 1310 3866 bracchio
1326 3800 1512 3875 Palladium,

356 3907 497 3990 gladium
512 3908 627 3974 dextra
640 3914 741 3978 tenet.
774 3884 980 4005 MOMliAiX
991 3930 1106 3972 nomen
1124 3896 1306 3992 supressum
1325 3908 1513 3990 inscriptum

853 4009 884 4089 ¹⁴⁴1·
935 4010 967 4085 ll,

427 4102 448 4171 ¹)
465 4100 540 4157 llaec
566 4104 608 4156 est
634 4101 765 4171 amphora
787 4117 868 4175 quam
890 4072 1000 4155 Laurila
1022 4098 1116 4155 Bullet.
1136 4100 1205 4155 1337
1228 4116 1254 4173 p.
1273 4102 1308 4157 83
1333 4115 1398 4158 saue
1421 4115 1514 4172 parum

356 4192 479 4247 accurate
497 4190 646 4263 descripsit.
