3334 5042
811 457 1019 520 ..80-

331 650 546 714 lacravsecum
570 649 728 714 vehebant
746 649 887 732 ¹(Herod.
911 650 942 714 V
966 651 1032 736 80),
1060 687 1098 696 -
1124 651 1179 735 qui
1204 650 1313 728 etiam,
1336 672 1408 716 cum
1425 652 1503 739 Epi·
1629 668 1633 747 ,f

332 757 467 821 daurum
490 776 673 840 expugnare
701 755 830 833 vellent,
867 757 930 821 duo
964 758 1058 841 sigua
1092 757 1223 822 deorum
1255 756 1502 841 Epidauriorum

331 863 518 953 eripuerunt
541 868 639 945 atque
662 863 697 926 in
720 863 831 926 urbem
855 885 944 927 suam
967 869 1229 947 transportarunt
1245 863 1424 947 (HerodV
1448 864 1500 929 83.

333 967 389 1033 of„
405 968 503 1034 Thac.
525 969 559 1032 Il
588 966 655 1054 74).
702 969 864 1051 Tegeatae
892 969 1031 1053 denique
1070 968 1231 1053 putabant
1266 972 1376 1034 urbem
1411 991 1501 1035 suam

332 1074 480 1140 cincinno
513 1073 677 1139 Minervae
711 1077 994 1159 inexpugnabilem
1029 1098 1097 1141 esse
1133 1077 1251 1141 factam
1275 1076 1383 1158 (Paua.
1422 1076 1502 1140 VIII
1628 1131 1636 1163 ,

332 1180 418 1258 47,4.
443 1180 592 1265 Apollod.
617 1181 649 1244 Il
674 1178 752 1264 7,3).

420 1286 507 1351 Satis
524 1293 601 1352 ncta
616 1294 692 1351 sunt
708 1306 748 1352 ea
764 1310 845 1371 quae
861 1289 901 1353 de
917 1288 985 1353 deis
1002 1289 1036 1352 in
1061 1309 1197 1371 quorum
1213 1289 1315 1353 tutela
1339 1310 1503 1372 unaquae-

331 1414 392 1475 que
416 1397 484 1460 erat
507 1394 618 1459 civitas
641 1395 756 1459 Graeci
779 1394 1001 1459 crediderunt..

419 1497 466 1563 Vt
488 1504 597 1563 autem
619 1502 688 1584 ejus
711 1502 839 1585 generis
863 1502 1106 1585 superstitiones
1128 1503 1169 1567 ad
1193 1500 1371 1566 Minervam
1395 1501 1501 1566 Polia-

331 1604 403 1669 dem
430 1604 637 1689 Trojanorum
666 1608 798 1690 ejusque
832 1608 1037 1671 simulacrum
1062 1607 1188 1673 Graeci⁴
1210 1609 1368 1673 referrent
1392 1607 1501 1671 multis

331 1711 583 1789 adducebantur.
630 1713 709 1777 Erat
732 1713 816 1785 enim
841 1713 902 1777 boc
926 1715 1058 1778 omnino
1081 1715 1338 1799 antiquissimum
1373 1717 1425 1779 dei
1460 1716 1501 1779 si-

331 1820 508 1883 mulacrum
543 1820 627 1900 quod
661 1820 694 1882 in
722 1820 864 1903 ipsorum
894 1821 1123 1885 traditionibus
1152 1822 1280 1885 Graecis
1309 1829 1500 1886 occurreret.

331 1906 422 1999 Quod
439 1926 567 2009 quidem
583 1925 671 1988 miris
687 1925 805 1989 fabulis
821 1947 897 1989 mox
910 1927 977 2009 jam
1001 1927 1195 1992 celebratum
1221 1948 1288 1991 esse
1311 1930 1381 2012 quis
1404 1930 1501 1992 mira·

331 2030 442 2095 bitur?
479 2068 519 2079 -
557 2030 595 2093 ln
629 2032 826 2096 carminibus
850 2055 924 2096 vero
948 2033 1125 2099 Homericis
1154 2034 1285 2099 Hecuba
1319 2057 1391 2099 cum
1425 2044 1502 2100 aute

331 2137 412 2201 illud
434 2138 638 2201 simulacrum
661 2143 728 2203 stat
750 2137 930 2203 Minervam
953 2137 1164 2224 „dpucr‘umlr‘
1192 2141 1339 2225 appellat,
1376 2141 1427 2226 (Il.
1460 2143 1502 2206 Vl

332 2243 411 2324 305)
435 2250 532 2327 atque
555 2245 685 2326 peplum
709 2246 939 2328 duodecimque
958 2247 1108 2329 juvencas
1131 2249 1167 2310 ci.
1183 2248 1284 2326 offert,
1312 2255 1369 2311 aut
1392 2249 1502 2313 urbem

333 2357 526 2415 conservet«.
574 2349 662 2424 Quae
675 2351 702 2414 si
729 2375 748 2416 a
772 2353 832 2418 dea
855 2353 894 2415 ad
918 2352 985 2435 ejus
1008 2355 1213 2418 simulacrum
1237 2355 1399 2432 transfers,
1432 2357 1501 2437 Jam
1601 2441 1605 2447 ο

333 2458 421 2521 vides
445 2480 501 2521 cur
524 2479 564 2521 ex
588 2459 665 2522 urbe
688 2459 721 2521 id
745 2459 824 2542 eripi
847 2479 978 2524 necesse
1000 2460 1107 2538 fuerit,
1132 2463 1158 2524 si
1182 2462 1275 2530 modo
1300 2459 1413 2526 Graeci
1428 2460 1503 2525 Tro·

328 2565 395 2646 jam
420 2584 607 2648 expugnare
644 2564 773 2628 vellent.
819 2564 892 2629 Jam
928 2566 1013 2650 apud
1037 2566 1205 2631 Arctinum
1237 2565 1373 2632 Palladii
1408 2570 1503 2652 origo

333 2669 443 2734 divina
466 2674 522 2748 est,
547 2675 580 2735 et
603 2692 800 2755 quamquam
825 2672 953 2756 signum
979 2674 1154 2758 genuinum
1190 2674 1267 2737 dum
1303 2676 1378 2738 urbs
1407 2681 1504 2758 capta
1628 2706 1640 2729 r

333 2782 381 2840 est
409 2774 522 2859 Trojae
552 2779 737 2842 remansisse
772 2779 805 2841 in
833 2778 918 2842 illius
952 2780 1092 2844 carmine
1117 2781 1314 2857 tradebatur,
1350 2818 1394 2826 —
1426 2783 1503 2845 civi·

333 2883 411 2946 tatis
433 2880 598 2947 fortunam
623 2885 693 2968 plus
717 2884 862 2949 minusve
881 2885 948 2967 jam
972 2886 1014 2949 ad
1037 2886 1116 2950 illud
1140 2887 1252 2950 referri
1282 2909 1322 2950 ex
1345 2908 1382 2951 eo
1405 2910 1504 2971 appa·

331 2994 382 3053 ret
404 2989 489 3071 quod
513 2994 579 3053 tam
603 2992 700 3055 anxie
722 2991 757 3054 in
779 2993 894 3056 intimo
917 2993 1038 3074 templo
1063 2995 1320 3059 conservabatur.

422 3092 545 3179 Quodsi
569 3102 682 3179 poetae
705 3097 816 3182 cyclici
840 3100 1013 3182 praecipua
1036 3119 1166 3163 suarum
1187 3101 1410 3163 narrationum
1435 3121 1503 3164 mo·

334 3206 447 3265 menta
469 3223 506 3266 ao
528 3203 684 3286 imprimis
709 3202 843 3268 Palladii
877 3211 993 3290 typum
1027 3205 1065 3269 de
1100 3205 1216 3270 fabulis
1245 3206 1372 3289 Argivis
1395 3217 1509 3290 sump-¹

332 3314 451 3385 serunt,
475 3310 629 3394 conjicere
641 3310 716 3374 licet
728 3311 823 3373 ctiam
835 3312 869 3374 id
892 3333 933 3376 ex
949 3313 1000 3376 bis
1023 3312 1141 3375 fabulis
1155 3311 1285 3376 fluxisse
1301 3334 1365 3394 quo
1389 3314 1503 3396 genui·

333 3436 409 3478 num
456 3414 634 3479 Palladium
672 3416 914 3498 agnoscebatur,
965 3419 1035 3482 dico
1081 3419 1246 3483 oculorum
1292 3419 1503 3483 mobilitatem

333 3527 377 3603 (p.
402 3519 470 3607 43),
506 3544 642 3606 quacum
678 3522 822 3588 conferas
857 3526 954 3588 velim
989 3525 1152 3590 Minervae
1185 3548 1205 3588 a
1229 3524 1383 3589 Diomede
1408 3526 1505 3609 Argis

333 3635 534 3692 consecratae
569 3651 744 3715 cognomen
783 3629 1020 3713 ›Oxyderces«.
1058 3668 1099 3675 -
1136 3632 1248 3713 Argivi
1282 3632 1394 3696 multis
1436 3630 1505 3695 deis

334 3734 421 3797 illam
445 3732 608 3799 oculorum
632 3738 732 3799 aciem
754 3737 955 3814 tribueruut3
988 3743 1067 3802 nota
1089 3743 1166 3801 sunt
1200 3734 1236 3801 ea
1260 3761 1341 3822 quae
1364 3740 1402 3802 de
1426 3738 1504 3822 Argi

333 3841 382 3903 sui
416 3840 520 3904 herois
555 3842 706 3925 eponymi
740 3845 841 3906 oeulis
880 3845 1167 3909 innumerabilibus
1205 3846 1392 3923 narrabant,
1446 3845 1504 3908 sed

333 3947 429 4010 etiam
465 3946 550 4013 Iovis
574 3946 683 4016 ξόανον
711 3951 795 4030 quod
823 3950 920 4035 Troja
953 3956 1099 4015 avectum
1135 3972 1202 4016 esse
1238 3951 1404 4016 dicebatur
1439 3958 1504 4015 tres

332 4052 469 4118 habebat
503 4055 623 4118 oculos,
658 4089 702 4101 -
740 4056 845 4137 Atque
877 4058 903 4119 si
937 4064 1024 4121 recte
1047 4060 1124 4122 baec
1147 4059 1306 4122 sententia
1328 4079 1363 4122 se
1397 4059 1503 4137 habet,

332 4167 466 4244 apparet
500 4162 562 4225 vim
599 4158 685 4224 illam
716 4161 881 4226 mirificam
905 4162 1038 4228 Palladii
1073 4186 1113 4227 ex
1147 4165 1288 4247 antiquis
1312 4165 1504 4250 Argivorum

335 4266 449 4331 fabulis
473 4268 628 4352 originem
654 4287 746 4331 suam
769 4267 905 4347 duxisse,
931 4276 1028 4352 atque
1052 4306 1094 4315 —
1119 4272 1204 4351 quod
1240 4272 1351 4357 magni
1375 4293 1503 4355 quoque
