3334 5042
858 282 879 346 2

283 476 447 566 nymphae
488 487 520 541 et
557 477 673 541 Musae
710 476 824 555 subsit,
866 476 1088 563 quaerendum
1128 486 1188 550 est,
1224 488 1297 542 utra
1330 478 1365 541 in
1394 475 1456 540 hac

280 584 475 671 genealogia
499 585 670 648 statuenda
695 586 745 648 sit.
790 585 840 648 Ao
865 584 1055 671 nymphae
1079 587 1245 649 notionem
1268 583 1368 649 habet
1391 607 1456 648 vox

281 693 353 757 loco
379 692 492 774 Quinti
517 692 686 779 Smyrnaei
712 691 934 779 (111300s1):

709 797 885 893 Ἀτύμνιος]
910 805 942 868 ὅν
964 827 1040 870 ποτε
1063 806 1161 894 νύμφη

421 913 557 1000 Πηγασὶς
578 911 711 1000 ἠΰκομος
733 912 872 999 σθεναρῷ
895 916 982 975 τέκεν
1004 910 1184 1000 ’Hpubiava

284 1017 324 1080 Et
346 1015 565 1102 nympharum
588 1016 720 1100 generis
745 1014 941 1099 significatio
972 1016 1048 1079 voci
1075 1017 1162 1079 inest
1189 1015 1277 1100 apud
1301 1013 1457 1079 Ovidium

282 1123 430 1210 (Heroid.
455 1124 484 1187 V
508 1123 557 1207 3):

374 1231 506 1314 Papusa's
530 1230 661 1314 Oenone,
687 1230 841 1314 Phrygiis
864 1231 1061 1296 celeberrimo
1084 1232 1183 1313 silvia,

283 1361 366 1426 quae
395 1362 426 1403 v.
453 1338 504 1421 10,
534 1339 572 1402 11
605 1347 667 1402 etc.
696 1337 845 1424 nympha
880 1347 1026 1420 vocatur,
1063 1348 1096 1401 et
1130 1337 1219 1424 apud
1243 1335 1456 1403 Columellam

283 1446 327 1530 (X
352 1446 443 1531 263):

371 1576 456 1619 auae
479 1574 540 1632 voa,
567 1553 762 1637 Pegasidum
784 1555 921 1635 comites,
945 1553 1134 1619 Acheloidas
1156 1573 1219 1618 oro.

282 1661 416 1726 Musae
440 1684 520 1725 vero
544 1661 596 1725 his
620 1659 702 1725 locis
725 1658 967 1745 intellegendae
992 1669 1082 1725 sunt:

366 1790 474 1851 pauco
498 1770 577 1834 mibi
600 1769 708 1835 doctae
729 1770 822 1835 dieite
847 1767 1019 1852 Pegasides

284 1874 462 1961 („Vergil.“
490 1874 584 1943 catal.
607 1875 658 1939 Xl
682 1874 731 1959 2),
1023 1943 1029 1954 ,

371 1984 480 2049 mollio
505 1982 678 2068 Pepasides
702 1984 776 2049 date
798 1989 899 2049 oestro
921 1990 1008 2049 serta
1028 1989 1137 2071 poetae

281 2092 441 2178 (Propert.
466 2091 519 2155 Ill
544 2092 574 2169 1,
602 2091 670 2177 19);

370 2206 404 2265 ot
427 2201 508 2265 mitt
530 2198 701 2282 Pegasides
724 2199 931 2263 blandissima
954 2201 1100 2265 carmina
1124 2200 1245 2265 dictant

285 2304 439 2392 („Ovid.“
464 2305 600 2373 Heroid.
625 2304 785 2391 XV·27);

374 2413 546 2498 Pepastdes
569 2413 687 2479 Musae
710 2414 814 2479 dietae
846 2419 964 2479 strato
992 2415 1080 2496 fonte
1108 2435 1199 2496 quem
1225 2415 1368 2498 Pegasus
1394 2417 1458 2481 iata

283 2522 421 2605 capulos
458 2523 594 2605 fingitur
625 2523 791 2601 'saeuisse
826 2520 933 2604 (Verr.
968 2521 1080 2587 Flacc.
1116 2519 1205 2607 apud
1239 2520 1330 2587 Paul.
1366 2522 1459 2586 Festi

284 2652 310 2694 s.
350 2652 380 2694 v.
420 2628 617 2712 Pegasides,
663 2650 696 2713 p.
743 2628 819 2711 212,
867 2627 949 2707 9s10
990 2626 1156 2714 Mueller).
1219 2628 1286 2693 Sed
1325 2630 1360 2694 in
1397 2629 1458 2693 hac

282 2734 476 2820 genealogia
518 2736 648 2799 Musam
691 2758 757 2800 non
802 2735 989 2820 significari
1025 2736 1221 2800 documento
1266 2747 1331 2819 est,
1372 2736 1459 2823 quod

282 2844 426 2930 Neptuni
453 2846 487 2906 in
521 2842 685 2928 nymphas
721 2865 851 2907 amores
886 2842 1027 2929 plurimi,
1064 2845 1097 2908 iu
1131 2844 1245 2908 Musas
1280 2842 1361 2909 nulli
1396 2853 1459 2908 tra·

285 2951 413 3017 duntur.
467 2949 533 3014 Sed
565 2952 661 3014 etiam
698 2949 793 3014 aliam
828 2973 910 3032 rem,
946 2972 1144 3036 quamquam
1179 2960 1295 3037 postea
1329 2950 1459 3016 demum

212 3058 215 3062 “
284 3059 484 3142 argumentis
513 3055 706 3137 stabilietur,
745 3060 805 3121 iam
841 3079 929 3122 nunc
952 3067 988 3121 ut
1011 3057 1152 3122 fulcrum
1176 3058 1273 3122 huius
1297 3061 1458 3144 opinionis

283 3166 430 3252 proferre
465 3165 585 3229 licebit.
641 3165 791 3249 Pegasus
828 3167 915 3229 enim
956 3167 1018 3229 etsi
1053 3165 1129 3229 inde
1164 3165 1205 3230 ab
1234 3164 1460 3230 Alexandrina

285 3282 391 3338 aetate
425 3274 658 3359 Hippucrenes
694 3287 807 3337 auctor
843 3273 961 3355 fertur,
997 3283 1106 3338 tamen
1141 3275 1205 3337 nisi
1235 3273 1355 3337 infimis
1380 3284 1459 3337 tem·

284 3381 419 3467 poribus
444 3404 483 3445 ac
506 3383 673 3445 rarissime
699 3383 871 3466 angustius
901 3403 976 3444 cum
1004 3381 1109 3445 Musis
1138 3403 1203 3446 non
1228 3403 1374 3446 conexus
1399 3390 1459 3445 est.

285 3487 421 3573 Origine
456 3499 565 3553 autem
594 3512 614 3553 a
642 3489 738 3552 Musa
767 3488 867 3551 ducta
901 3489 958 3551 vix
992 3488 1093 3552 artius
1124 3489 1288 3553 vinculum
1325 3491 1461 3574 eogitari

284 3608 407 3683 posset.
460 3595 581 3661 Contra
623 3596 788 3682 nymphae
832 3594 995 3682 prioribus
1041 3598 1104 3660 iam
1143 3596 1345 3684 temporibus
1385 3619 1459 3661 cum

284 3704 413 3788 Pegaso
439 3706 689 3789 coniunguntur.
1494 3697 1496 3700 ’

373 3811 488 3898 Neque
517 3834 559 3875 ne
583 3811 727 3897 nympha
751 3822 960 3895 agnoscatur,
990 3809 1072 3875 alter
1101 3811 1196 3875 Verri
1224 3811 1336 3876 Flacci
1366 3811 1459 3877 locus

286 3919 404 4002 obstat,
431 3941 473 3982 ex
497 3940 561 4004 quo
585 3919 768 4004 Pegasides
792 3919 909 3984 Musae
938 3919 1047 3982 dietae
1075 3929 1199 3983 sunta
1226 3917 1316 3983 fonte
1340 3919 1461 4003 Pegasi

285 4026 408 4111 ungula
441 4026 610 4112 producto.
670 4025 778 4091 Ambo
814 4049 895 4119 sane
931 4026 995 4091 loci
1019 4048 1083 4090 una
1120 4049 1194 4091 cum
1229 4026 1303 4091 aliis
1338 4025 1459 4111 glossis

286 4157 371 4221 quae
399 4145 432 4198 et
459 4136 551 4220 ipsae
580 4133 622 4198 ad
659 4134 794 4198 deorum
825 4136 1021 4220 cognomina
1050 4143 1210 4220 spectant,
1242 4133 1284 4200 ad
1320 4134 1460 4199 eundem

163 4304 168 4307 .
285 4243 407 4307 fontem
437 4241 619 4325 redeunt1).
665 4242 735 4305 Nec
771 4264 850 4306 vero
885 4241 948 4305 hac
978 4264 995 4306 e
1023 4264 1060 4305 re
1096 4243 1271 4328 quicquam
1308 4241 1461 4307 concludi

376 4404 395 4472 ¹)
417 4399 503 4455 GRH.
516 4400 637 4465 Willers,
658 4400 693 4453 de
708 4399 804 4454 Verrio
815 4401 915 4455 Flacco
935 4401 1091 4469 glossarum
1109 4401 1265 4470 interprete
1286 4401 1378 4469 (1898)
1388 4420 1415 4470 p.
1426 4400 1461 4453 26

285 4510 335 4559 sq,
364 4491 409 4560 qni
429 4490 558 4544 Verrium
577 4489 709 4542 Flaccum
732 4508 748 4544 e
777 4490 916 4546 Cornificii
946 4490 1024 4544 libris
1053 4508 1122 4559 quos
1151 4491 1186 4544 de
1215 4491 1316 4559 etymis
1344 4491 1460 4546 deorum

285 4580 450 4649 composuit,
469 4580 595 4634 hausisse
615 4580 724 4634 conicit.
